%YAML 1.1
%TAG !u! tag:unity3d.com,2011:
--- !u!1 &187009649
GameObject:
  m_ObjectHideFlags: 0
  m_CorrespondingSourceObject: {fileID: 0}
  m_PrefabInstance: {fileID: 0}
  m_PrefabAsset: {fileID: 0}
  serializedVersion: 6
  m_Component:
  - component: {fileID: 187009650}
  m_Layer: 0
  m_Name: GameObject
  m_TagString: Untagged
  m_Icon: {fileID: 0}
  m_NavMeshLayer: 0
  m_StaticEditorFlags: 0
  m_IsActive: 1
--- !u!4 &187009650
Transform:
  m_ObjectHideFlags: 0
  m_CorrespondingSourceObject: {fileID: 0}
  m_PrefabInstance: {fileID: 0}
  m_PrefabAsset: {fileID: 0}
  m_GameObject: {fileID: 187009649}
  m_LocalRotation: {x: 0, y: 0, z: 0, w: 1}
  m_LocalPosition: {x: 0, y: 0, z: 0}
  m_LocalScale: {x: 1, y: 1, z: 1}
  m_Children: []
  m_Father: {fileID: 2842582710005471902}
  m_RootOrder: 0
  m_LocalEulerAnglesHint: {x: 0, y: 0, z: 0}
--- !u!114 &849638775
MonoBehaviour:
  m_ObjectHideFlags: 0
  m_CorrespondingSourceObject: {fileID: 0}
  m_PrefabInstance: {fileID: 0}
  m_PrefabAsset: {fileID: 0}
  m_GameObject: {fileID: 4764119773498364468}
  m_Enabled: 1
  m_EditorHideFlags: 0
  m_Script: {fileID: 11500000, guid: 31b7ce24742c6904fbe1e73c98a19888, type: 3}
  m_Name: 
  m_EditorClassIdentifier: 
  moments:
  - {fileID: 7197411828822300216}
  - {fileID: 0}
  - {fileID: 1768196643385576466}
  - {fileID: 0}
--- !u!114 &849638776
MonoBehaviour:
  m_ObjectHideFlags: 0
  m_CorrespondingSourceObject: {fileID: 0}
  m_PrefabInstance: {fileID: 0}
  m_PrefabAsset: {fileID: 0}
  m_GameObject: {fileID: 7197411828822300216}
  m_Enabled: 1
  m_EditorHideFlags: 0
  m_Script: {fileID: 11500000, guid: df45628ea6ab06f44b16756180ef29e1, type: 3}
  m_Name: 
  m_EditorClassIdentifier: 
  type: 0
  MO: 0
  HP: 0
  HA: 0
  cSP: 0
  tSP: 0
  ySP: 0
  aSP: 0
  interactionPoint: {fileID: 3286312134375821283}
  disableBox: {fileID: 2124601934182336034}
  player: {fileID: 0}
--- !u!1001 &387181992463690715
PrefabInstance:
  m_ObjectHideFlags: 0
  serializedVersion: 2
  m_Modification:
    m_TransformParent: {fileID: 4319099530853071501}
    m_Modifications:
    - target: {fileID: 6483152506424727297, guid: 5af89a7382a4cc74f8e0ee472ffb5003, type: 3}
      propertyPath: m_Name
      value: DisableBox_Study
      objectReference: {fileID: 0}
    - target: {fileID: 6483152506424727297, guid: 5af89a7382a4cc74f8e0ee472ffb5003, type: 3}
      propertyPath: m_IsActive
      value: 0
      objectReference: {fileID: 0}
    - target: {fileID: 7203000742551079869, guid: 5af89a7382a4cc74f8e0ee472ffb5003, type: 3}
      propertyPath: m_RootOrder
      value: 7
      objectReference: {fileID: 0}
    - target: {fileID: 7203000742551079869, guid: 5af89a7382a4cc74f8e0ee472ffb5003, type: 3}
      propertyPath: m_LocalPosition.x
      value: 7.47
      objectReference: {fileID: 0}
    - target: {fileID: 7203000742551079869, guid: 5af89a7382a4cc74f8e0ee472ffb5003, type: 3}
      propertyPath: m_LocalPosition.y
      value: 2.050001
      objectReference: {fileID: 0}
    - target: {fileID: 7203000742551079869, guid: 5af89a7382a4cc74f8e0ee472ffb5003, type: 3}
      propertyPath: m_LocalPosition.z
      value: 0.05999756
      objectReference: {fileID: 0}
    - target: {fileID: 7203000742551079869, guid: 5af89a7382a4cc74f8e0ee472ffb5003, type: 3}
      propertyPath: m_LocalRotation.w
      value: 1
      objectReference: {fileID: 0}
    - target: {fileID: 7203000742551079869, guid: 5af89a7382a4cc74f8e0ee472ffb5003, type: 3}
      propertyPath: m_LocalRotation.x
      value: -0
      objectReference: {fileID: 0}
    - target: {fileID: 7203000742551079869, guid: 5af89a7382a4cc74f8e0ee472ffb5003, type: 3}
      propertyPath: m_LocalRotation.y
      value: -0
      objectReference: {fileID: 0}
    - target: {fileID: 7203000742551079869, guid: 5af89a7382a4cc74f8e0ee472ffb5003, type: 3}
      propertyPath: m_LocalRotation.z
      value: -0
      objectReference: {fileID: 0}
    - target: {fileID: 7203000742551079869, guid: 5af89a7382a4cc74f8e0ee472ffb5003, type: 3}
      propertyPath: m_LocalEulerAnglesHint.x
      value: 0
      objectReference: {fileID: 0}
    - target: {fileID: 7203000742551079869, guid: 5af89a7382a4cc74f8e0ee472ffb5003, type: 3}
      propertyPath: m_LocalEulerAnglesHint.y
      value: 0
      objectReference: {fileID: 0}
    - target: {fileID: 7203000742551079869, guid: 5af89a7382a4cc74f8e0ee472ffb5003, type: 3}
      propertyPath: m_LocalEulerAnglesHint.z
      value: 0
      objectReference: {fileID: 0}
    m_RemovedComponents: []
  m_SourcePrefab: {fileID: 100100000, guid: 5af89a7382a4cc74f8e0ee472ffb5003, type: 3}
--- !u!1001 &387181992712672973
PrefabInstance:
  m_ObjectHideFlags: 0
  serializedVersion: 2
  m_Modification:
    m_TransformParent: {fileID: 3421883235921367747}
    m_Modifications:
    - target: {fileID: 2150027376826260191, guid: e55003624f720934e926a1c5826f838c, type: 3}
      propertyPath: m_Name
      value: Study_Moment
      objectReference: {fileID: 0}
    - target: {fileID: 2150027376826260191, guid: e55003624f720934e926a1c5826f838c, type: 3}
      propertyPath: m_IsActive
      value: 1
      objectReference: {fileID: 0}
    - target: {fileID: 3088319035744528511, guid: e55003624f720934e926a1c5826f838c, type: 3}
      propertyPath: m_Name
      value: Interact_Study
      objectReference: {fileID: 0}
    - target: {fileID: 4235836902715611008, guid: e55003624f720934e926a1c5826f838c, type: 3}
      propertyPath: m_Name
      value: Disable_Study
      objectReference: {fileID: 0}
    - target: {fileID: 4235836902715611008, guid: e55003624f720934e926a1c5826f838c, type: 3}
      propertyPath: m_IsActive
      value: 1
      objectReference: {fileID: 0}
    - target: {fileID: 4516844186952838208, guid: e55003624f720934e926a1c5826f838c, type: 3}
      propertyPath: m_RootOrder
      value: 3
      objectReference: {fileID: 0}
    - target: {fileID: 4516844186952838208, guid: e55003624f720934e926a1c5826f838c, type: 3}
      propertyPath: m_LocalPosition.x
      value: -4.1
      objectReference: {fileID: 0}
    - target: {fileID: 4516844186952838208, guid: e55003624f720934e926a1c5826f838c, type: 3}
      propertyPath: m_LocalPosition.y
      value: 0.009999752
      objectReference: {fileID: 0}
    - target: {fileID: 4516844186952838208, guid: e55003624f720934e926a1c5826f838c, type: 3}
      propertyPath: m_LocalPosition.z
      value: 34.199997
      objectReference: {fileID: 0}
    - target: {fileID: 4516844186952838208, guid: e55003624f720934e926a1c5826f838c, type: 3}
      propertyPath: m_LocalRotation.w
      value: 1
      objectReference: {fileID: 0}
    - target: {fileID: 4516844186952838208, guid: e55003624f720934e926a1c5826f838c, type: 3}
      propertyPath: m_LocalRotation.x
      value: -0
      objectReference: {fileID: 0}
    - target: {fileID: 4516844186952838208, guid: e55003624f720934e926a1c5826f838c, type: 3}
      propertyPath: m_LocalRotation.y
      value: -0
      objectReference: {fileID: 0}
    - target: {fileID: 4516844186952838208, guid: e55003624f720934e926a1c5826f838c, type: 3}
      propertyPath: m_LocalRotation.z
      value: -0
      objectReference: {fileID: 0}
    - target: {fileID: 4516844186952838208, guid: e55003624f720934e926a1c5826f838c, type: 3}
      propertyPath: m_LocalEulerAnglesHint.x
      value: 0
      objectReference: {fileID: 0}
    - target: {fileID: 4516844186952838208, guid: e55003624f720934e926a1c5826f838c, type: 3}
      propertyPath: m_LocalEulerAnglesHint.y
      value: 0
      objectReference: {fileID: 0}
    - target: {fileID: 4516844186952838208, guid: e55003624f720934e926a1c5826f838c, type: 3}
      propertyPath: m_LocalEulerAnglesHint.z
      value: 0
      objectReference: {fileID: 0}
    m_RemovedComponents: []
  m_SourcePrefab: {fileID: 100100000, guid: e55003624f720934e926a1c5826f838c, type: 3}
--- !u!1 &1768196643385576466 stripped
GameObject:
  m_CorrespondingSourceObject: {fileID: 2150027376826260191, guid: e55003624f720934e926a1c5826f838c, type: 3}
  m_PrefabInstance: {fileID: 387181992712672973}
  m_PrefabAsset: {fileID: 0}
--- !u!4 &4319099530853071501 stripped
Transform:
  m_CorrespondingSourceObject: {fileID: 4516844186952838208, guid: e55003624f720934e926a1c5826f838c, type: 3}
  m_PrefabInstance: {fileID: 387181992712672973}
  m_PrefabAsset: {fileID: 0}
--- !u!1001 &387181994240921052
PrefabInstance:
  m_ObjectHideFlags: 0
  serializedVersion: 2
  m_Modification:
    m_TransformParent: {fileID: 0}
    m_Modifications:
    - target: {fileID: 829043257012282303, guid: 1d2bfcb4b7ac82e4d913abbd02dfbec8, type: 3}
      propertyPath: m_Materials.Array.data[0]
      value: 
      objectReference: {fileID: 0}
    - target: {fileID: 1739394183067831294, guid: 1d2bfcb4b7ac82e4d913abbd02dfbec8, type: 3}
      propertyPath: m_IsActive
      value: 0
      objectReference: {fileID: 0}
    - target: {fileID: 2580684819137003479, guid: 1d2bfcb4b7ac82e4d913abbd02dfbec8, type: 3}
      propertyPath: m_Name
      value: DisableBox_Travel
      objectReference: {fileID: 0}
    - target: {fileID: 2937710907942142527, guid: 1d2bfcb4b7ac82e4d913abbd02dfbec8, type: 3}
      propertyPath: m_TagString
      value: MOMENT_INTERACTION
      objectReference: {fileID: 0}
    - target: {fileID: 3036397381577695007, guid: 1d2bfcb4b7ac82e4d913abbd02dfbec8, type: 3}
      propertyPath: m_RootOrder
      value: 0
      objectReference: {fileID: 0}
    - target: {fileID: 3036397381577695007, guid: 1d2bfcb4b7ac82e4d913abbd02dfbec8, type: 3}
      propertyPath: m_LocalPosition.x
      value: 0
      objectReference: {fileID: 0}
    - target: {fileID: 3036397381577695007, guid: 1d2bfcb4b7ac82e4d913abbd02dfbec8, type: 3}
      propertyPath: m_LocalPosition.y
      value: 0
      objectReference: {fileID: 0}
    - target: {fileID: 3036397381577695007, guid: 1d2bfcb4b7ac82e4d913abbd02dfbec8, type: 3}
      propertyPath: m_LocalPosition.z
      value: 150.13
      objectReference: {fileID: 0}
    - target: {fileID: 3036397381577695007, guid: 1d2bfcb4b7ac82e4d913abbd02dfbec8, type: 3}
      propertyPath: m_LocalRotation.w
      value: 1
      objectReference: {fileID: 0}
    - target: {fileID: 3036397381577695007, guid: 1d2bfcb4b7ac82e4d913abbd02dfbec8, type: 3}
      propertyPath: m_LocalRotation.x
      value: 0
      objectReference: {fileID: 0}
    - target: {fileID: 3036397381577695007, guid: 1d2bfcb4b7ac82e4d913abbd02dfbec8, type: 3}
      propertyPath: m_LocalRotation.y
      value: 0
      objectReference: {fileID: 0}
    - target: {fileID: 3036397381577695007, guid: 1d2bfcb4b7ac82e4d913abbd02dfbec8, type: 3}
      propertyPath: m_LocalRotation.z
      value: 0
      objectReference: {fileID: 0}
    - target: {fileID: 3036397381577695007, guid: 1d2bfcb4b7ac82e4d913abbd02dfbec8, type: 3}
      propertyPath: m_LocalEulerAnglesHint.x
      value: 0
      objectReference: {fileID: 0}
    - target: {fileID: 3036397381577695007, guid: 1d2bfcb4b7ac82e4d913abbd02dfbec8, type: 3}
      propertyPath: m_LocalEulerAnglesHint.y
      value: 0
      objectReference: {fileID: 0}
    - target: {fileID: 3036397381577695007, guid: 1d2bfcb4b7ac82e4d913abbd02dfbec8, type: 3}
      propertyPath: m_LocalEulerAnglesHint.z
      value: 0
      objectReference: {fileID: 0}
    - target: {fileID: 4745484566209043608, guid: 1d2bfcb4b7ac82e4d913abbd02dfbec8, type: 3}
      propertyPath: m_RootOrder
      value: 1
      objectReference: {fileID: 0}
    - target: {fileID: 4745484566209043615, guid: 1d2bfcb4b7ac82e4d913abbd02dfbec8, type: 3}
      propertyPath: m_Name
      value: Disable_Marriage
      objectReference: {fileID: 0}
    - target: {fileID: 5134673438457241576, guid: 1d2bfcb4b7ac82e4d913abbd02dfbec8, type: 3}
      propertyPath: m_Name
      value: Adult_Moment_1 Variant
      objectReference: {fileID: 0}
    - target: {fileID: 6085664943832930226, guid: 1d2bfcb4b7ac82e4d913abbd02dfbec8, type: 3}
      propertyPath: m_LocalPosition.z
      value: 17.65
      objectReference: {fileID: 0}
    - target: {fileID: 6686695142441110316, guid: 1d2bfcb4b7ac82e4d913abbd02dfbec8, type: 3}
      propertyPath: m_Name
      value: Travel_Moment
      objectReference: {fileID: 0}
    - target: {fileID: 6838012617105406514, guid: 1d2bfcb4b7ac82e4d913abbd02dfbec8, type: 3}
      propertyPath: m_LocalPosition.z
      value: 24.85
      objectReference: {fileID: 0}
    - target: {fileID: 7403315342284266468, guid: 1d2bfcb4b7ac82e4d913abbd02dfbec8, type: 3}
      propertyPath: m_Name
      value: Marriage_Moment
      objectReference: {fileID: 0}
    - target: {fileID: 8381908361152227548, guid: 1d2bfcb4b7ac82e4d913abbd02dfbec8, type: 3}
      propertyPath: m_Name
      value: Interact_Travel
      objectReference: {fileID: 0}
    m_RemovedComponents: []
  m_SourcePrefab: {fileID: 100100000, guid: 1d2bfcb4b7ac82e4d913abbd02dfbec8, type: 3}
--- !u!1 &4764119773498364468 stripped
GameObject:
  m_CorrespondingSourceObject: {fileID: 5134673438457241576, guid: 1d2bfcb4b7ac82e4d913abbd02dfbec8, type: 3}
  m_PrefabInstance: {fileID: 387181994240921052}
  m_PrefabAsset: {fileID: 0}
--- !u!4 &3421883235921367747 stripped
Transform:
  m_CorrespondingSourceObject: {fileID: 3036397381577695007, guid: 1d2bfcb4b7ac82e4d913abbd02dfbec8, type: 3}
  m_PrefabInstance: {fileID: 387181994240921052}
  m_PrefabAsset: {fileID: 0}
--- !u!1 &7197411828822300216 stripped
GameObject:
  m_CorrespondingSourceObject: {fileID: 7403315342284266468, guid: 1d2bfcb4b7ac82e4d913abbd02dfbec8, type: 3}
  m_PrefabInstance: {fileID: 387181994240921052}
  m_PrefabAsset: {fileID: 0}
--- !u!1 &3286312134375821283 stripped
GameObject:
  m_CorrespondingSourceObject: {fileID: 2937710907942142527, guid: 1d2bfcb4b7ac82e4d913abbd02dfbec8, type: 3}
  m_PrefabInstance: {fileID: 387181994240921052}
  m_PrefabAsset: {fileID: 0}
--- !u!1 &2124601934182336034 stripped
GameObject:
  m_CorrespondingSourceObject: {fileID: 1739394183067831294, guid: 1d2bfcb4b7ac82e4d913abbd02dfbec8, type: 3}
  m_PrefabInstance: {fileID: 387181994240921052}
  m_PrefabAsset: {fileID: 0}
--- !u!4 &2842582710005471902 stripped
Transform:
  m_CorrespondingSourceObject: {fileID: 2462741200753612610, guid: 1d2bfcb4b7ac82e4d913abbd02dfbec8, type: 3}
  m_PrefabInstance: {fileID: 387181994240921052}
  m_PrefabAsset: {fileID: 0}
