%YAML 1.1
%TAG !u! tag:unity3d.com,2011:
--- !u!1 &1562449876142663741
GameObject:
  m_ObjectHideFlags: 0
  m_CorrespondingSourceObject: {fileID: 0}
  m_PrefabInstance: {fileID: 0}
  m_PrefabAsset: {fileID: 0}
  serializedVersion: 6
  m_Component:
  - component: {fileID: 1562449876142663740}
  - component: {fileID: 251411974299919922}
  m_Layer: 0
  m_Name: Moment_Yorth_1
  m_TagString: Untagged
  m_Icon: {fileID: 0}
  m_NavMeshLayer: 0
  m_StaticEditorFlags: 0
  m_IsActive: 1
--- !u!4 &1562449876142663740
Transform:
  m_ObjectHideFlags: 0
  m_CorrespondingSourceObject: {fileID: 0}
  m_PrefabInstance: {fileID: 0}
  m_PrefabAsset: {fileID: 0}
  m_GameObject: {fileID: 1562449876142663741}
  m_LocalRotation: {x: 0, y: 0, z: 0, w: 1}
  m_LocalPosition: {x: 0, y: 0, z: 100}
  m_LocalScale: {x: 1, y: 1, z: 1}
  m_Children:
  - {fileID: 4927472967418391841}
  - {fileID: 1724206321955885417}
  - {fileID: 5041768334451071541}
  - {fileID: 6426350309570611311}
  - {fileID: 1472292503808335784}
  m_Father: {fileID: 0}
  m_RootOrder: 0
  m_LocalEulerAnglesHint: {x: 0, y: 0, z: 0}
--- !u!114 &251411974299919922
MonoBehaviour:
  m_ObjectHideFlags: 0
  m_CorrespondingSourceObject: {fileID: 0}
  m_PrefabInstance: {fileID: 0}
  m_PrefabAsset: {fileID: 0}
  m_GameObject: {fileID: 1562449876142663741}
  m_Enabled: 1
  m_EditorHideFlags: 0
  m_Script: {fileID: 11500000, guid: 31b7ce24742c6904fbe1e73c98a19888, type: 3}
  m_Name: 
  m_EditorClassIdentifier: 
  moments:
  - {fileID: 7428834747156306878}
  - {fileID: 2257100884487179767}
  - {fileID: 7390009855014104234}
  - {fileID: 5877675006398321905}
--- !u!1 &8723427562854457183
GameObject:
  m_ObjectHideFlags: 0
  m_CorrespondingSourceObject: {fileID: 0}
  m_PrefabInstance: {fileID: 0}
  m_PrefabAsset: {fileID: 0}
  serializedVersion: 6
  m_Component:
  - component: {fileID: 1472292503808335784}
  m_Layer: 0
  m_Name: Zone
  m_TagString: Untagged
  m_Icon: {fileID: 0}
  m_NavMeshLayer: 0
  m_StaticEditorFlags: 0
  m_IsActive: 1
--- !u!4 &1472292503808335784
Transform:
  m_ObjectHideFlags: 0
  m_CorrespondingSourceObject: {fileID: 0}
  m_PrefabInstance: {fileID: 0}
  m_PrefabAsset: {fileID: 0}
  m_GameObject: {fileID: 8723427562854457183}
  m_LocalRotation: {x: -0, y: -0, z: -0, w: 1}
  m_LocalPosition: {x: 0, y: 0, z: 0}
  m_LocalScale: {x: 1, y: 1, z: 1}
  m_Children:
  - {fileID: 267228028807374364}
  - {fileID: 4208263420418837011}
  m_Father: {fileID: 1562449876142663740}
  m_RootOrder: 4
  m_LocalEulerAnglesHint: {x: 0, y: 0, z: 0}
--- !u!1001 &728897575457664317
PrefabInstance:
  m_ObjectHideFlags: 0
  serializedVersion: 2
  m_Modification:
    m_TransformParent: {fileID: 1562449876142663740}
    m_Modifications:
    - target: {fileID: 1535522070901301450, guid: c8a81f57ddc77f84aa5706b6445ccb9f, type: 3}
      propertyPath: m_Name
      value: Moment_WorkOut_Right Variant
      objectReference: {fileID: 0}
    - target: {fileID: 2157238481295113300, guid: c8a81f57ddc77f84aa5706b6445ccb9f, type: 3}
      propertyPath: m_RootOrder
      value: 1
      objectReference: {fileID: 0}
    - target: {fileID: 2157238481295113300, guid: c8a81f57ddc77f84aa5706b6445ccb9f, type: 3}
      propertyPath: m_LocalPosition.x
      value: -4.0999985
      objectReference: {fileID: 0}
    - target: {fileID: 2157238481295113300, guid: c8a81f57ddc77f84aa5706b6445ccb9f, type: 3}
      propertyPath: m_LocalPosition.y
      value: 0.01
      objectReference: {fileID: 0}
    - target: {fileID: 2157238481295113300, guid: c8a81f57ddc77f84aa5706b6445ccb9f, type: 3}
      propertyPath: m_LocalPosition.z
      value: 20
      objectReference: {fileID: 0}
    - target: {fileID: 2157238481295113300, guid: c8a81f57ddc77f84aa5706b6445ccb9f, type: 3}
      propertyPath: m_LocalRotation.w
      value: 1
      objectReference: {fileID: 0}
    - target: {fileID: 2157238481295113300, guid: c8a81f57ddc77f84aa5706b6445ccb9f, type: 3}
      propertyPath: m_LocalRotation.x
      value: -0
      objectReference: {fileID: 0}
    - target: {fileID: 2157238481295113300, guid: c8a81f57ddc77f84aa5706b6445ccb9f, type: 3}
      propertyPath: m_LocalRotation.y
      value: -0
      objectReference: {fileID: 0}
    - target: {fileID: 2157238481295113300, guid: c8a81f57ddc77f84aa5706b6445ccb9f, type: 3}
      propertyPath: m_LocalRotation.z
      value: -0
      objectReference: {fileID: 0}
    - target: {fileID: 2157238481295113300, guid: c8a81f57ddc77f84aa5706b6445ccb9f, type: 3}
      propertyPath: m_LocalEulerAnglesHint.x
      value: 0
      objectReference: {fileID: 0}
    - target: {fileID: 2157238481295113300, guid: c8a81f57ddc77f84aa5706b6445ccb9f, type: 3}
      propertyPath: m_LocalEulerAnglesHint.y
      value: 0
      objectReference: {fileID: 0}
    - target: {fileID: 2157238481295113300, guid: c8a81f57ddc77f84aa5706b6445ccb9f, type: 3}
      propertyPath: m_LocalEulerAnglesHint.z
      value: 0
      objectReference: {fileID: 0}
    m_RemovedComponents: []
  m_SourcePrefab: {fileID: 100100000, guid: c8a81f57ddc77f84aa5706b6445ccb9f, type: 3}
--- !u!1 &2257100884487179767 stripped
GameObject:
  m_CorrespondingSourceObject: {fileID: 1535522070901301450, guid: c8a81f57ddc77f84aa5706b6445ccb9f, type: 3}
  m_PrefabInstance: {fileID: 728897575457664317}
  m_PrefabAsset: {fileID: 0}
--- !u!4 &1724206321955885417 stripped
Transform:
  m_CorrespondingSourceObject: {fileID: 2157238481295113300, guid: c8a81f57ddc77f84aa5706b6445ccb9f, type: 3}
  m_PrefabInstance: {fileID: 728897575457664317}
  m_PrefabAsset: {fileID: 0}
--- !u!1001 &777250804252579293
PrefabInstance:
  m_ObjectHideFlags: 0
  serializedVersion: 2
  m_Modification:
    m_TransformParent: {fileID: 1562449876142663740}
    m_Modifications:
    - target: {fileID: 6045980193169939890, guid: adc64a5d21160f340ab95d484a549058, type: 3}
      propertyPath: m_RootOrder
      value: 3
      objectReference: {fileID: 0}
    - target: {fileID: 6045980193169939890, guid: adc64a5d21160f340ab95d484a549058, type: 3}
      propertyPath: m_LocalPosition.x
      value: -4.0999985
      objectReference: {fileID: 0}
    - target: {fileID: 6045980193169939890, guid: adc64a5d21160f340ab95d484a549058, type: 3}
      propertyPath: m_LocalPosition.y
      value: 0.01
      objectReference: {fileID: 0}
    - target: {fileID: 6045980193169939890, guid: adc64a5d21160f340ab95d484a549058, type: 3}
      propertyPath: m_LocalPosition.z
      value: 41.940002
      objectReference: {fileID: 0}
    - target: {fileID: 6045980193169939890, guid: adc64a5d21160f340ab95d484a549058, type: 3}
      propertyPath: m_LocalRotation.w
      value: 1
      objectReference: {fileID: 0}
    - target: {fileID: 6045980193169939890, guid: adc64a5d21160f340ab95d484a549058, type: 3}
      propertyPath: m_LocalRotation.x
      value: -0
      objectReference: {fileID: 0}
    - target: {fileID: 6045980193169939890, guid: adc64a5d21160f340ab95d484a549058, type: 3}
      propertyPath: m_LocalRotation.y
      value: -0
      objectReference: {fileID: 0}
    - target: {fileID: 6045980193169939890, guid: adc64a5d21160f340ab95d484a549058, type: 3}
      propertyPath: m_LocalRotation.z
      value: -0
      objectReference: {fileID: 0}
    - target: {fileID: 6045980193169939890, guid: adc64a5d21160f340ab95d484a549058, type: 3}
      propertyPath: m_LocalEulerAnglesHint.x
      value: 0
      objectReference: {fileID: 0}
    - target: {fileID: 6045980193169939890, guid: adc64a5d21160f340ab95d484a549058, type: 3}
      propertyPath: m_LocalEulerAnglesHint.y
      value: 0
      objectReference: {fileID: 0}
    - target: {fileID: 6045980193169939890, guid: adc64a5d21160f340ab95d484a549058, type: 3}
      propertyPath: m_LocalEulerAnglesHint.z
      value: 0
      objectReference: {fileID: 0}
    - target: {fileID: 6582269497884590380, guid: adc64a5d21160f340ab95d484a549058, type: 3}
      propertyPath: m_Name
      value: Moment_PartTime_Right2 Variant
      objectReference: {fileID: 0}
    m_RemovedComponents: []
  m_SourcePrefab: {fileID: 100100000, guid: adc64a5d21160f340ab95d484a549058, type: 3}
--- !u!1 &5877675006398321905 stripped
GameObject:
  m_CorrespondingSourceObject: {fileID: 6582269497884590380, guid: adc64a5d21160f340ab95d484a549058, type: 3}
  m_PrefabInstance: {fileID: 777250804252579293}
  m_PrefabAsset: {fileID: 0}
--- !u!4 &6426350309570611311 stripped
Transform:
  m_CorrespondingSourceObject: {fileID: 6045980193169939890, guid: adc64a5d21160f340ab95d484a549058, type: 3}
  m_PrefabInstance: {fileID: 777250804252579293}
  m_PrefabAsset: {fileID: 0}
--- !u!1001 &1383934533475488144
PrefabInstance:
  m_ObjectHideFlags: 0
  serializedVersion: 2
  m_Modification:
    m_TransformParent: {fileID: 1472292503808335784}
    m_Modifications:
    - target: {fileID: 533940896090506181, guid: 859b4d7286575724282bc298583f5191, type: 3}
      propertyPath: m_Name
      value: Moment_Zone
      objectReference: {fileID: 0}
    - target: {fileID: 2977574695532370819, guid: 859b4d7286575724282bc298583f5191, type: 3}
      propertyPath: m_RootOrder
      value: 1
      objectReference: {fileID: 0}
    - target: {fileID: 2977574695532370819, guid: 859b4d7286575724282bc298583f5191, type: 3}
      propertyPath: m_LocalPosition.x
      value: 0
      objectReference: {fileID: 0}
    - target: {fileID: 2977574695532370819, guid: 859b4d7286575724282bc298583f5191, type: 3}
      propertyPath: m_LocalPosition.y
      value: 1.97
      objectReference: {fileID: 0}
    - target: {fileID: 2977574695532370819, guid: 859b4d7286575724282bc298583f5191, type: 3}
      propertyPath: m_LocalPosition.z
      value: 25
      objectReference: {fileID: 0}
    - target: {fileID: 2977574695532370819, guid: 859b4d7286575724282bc298583f5191, type: 3}
      propertyPath: m_LocalRotation.w
      value: 1
      objectReference: {fileID: 0}
    - target: {fileID: 2977574695532370819, guid: 859b4d7286575724282bc298583f5191, type: 3}
      propertyPath: m_LocalRotation.x
      value: -0
      objectReference: {fileID: 0}
    - target: {fileID: 2977574695532370819, guid: 859b4d7286575724282bc298583f5191, type: 3}
      propertyPath: m_LocalRotation.y
      value: -0
      objectReference: {fileID: 0}
    - target: {fileID: 2977574695532370819, guid: 859b4d7286575724282bc298583f5191, type: 3}
      propertyPath: m_LocalRotation.z
      value: -0
      objectReference: {fileID: 0}
    - target: {fileID: 2977574695532370819, guid: 859b4d7286575724282bc298583f5191, type: 3}
      propertyPath: m_LocalEulerAnglesHint.x
      value: 0
      objectReference: {fileID: 0}
    - target: {fileID: 2977574695532370819, guid: 859b4d7286575724282bc298583f5191, type: 3}
      propertyPath: m_LocalEulerAnglesHint.y
      value: 0
      objectReference: {fileID: 0}
    - target: {fileID: 2977574695532370819, guid: 859b4d7286575724282bc298583f5191, type: 3}
      propertyPath: m_LocalEulerAnglesHint.z
      value: 0
      objectReference: {fileID: 0}
    m_RemovedComponents: []
  m_SourcePrefab: {fileID: 100100000, guid: 859b4d7286575724282bc298583f5191, type: 3}
--- !u!4 &4208263420418837011 stripped
Transform:
  m_CorrespondingSourceObject: {fileID: 2977574695532370819, guid: 859b4d7286575724282bc298583f5191, type: 3}
  m_PrefabInstance: {fileID: 1383934533475488144}
  m_PrefabAsset: {fileID: 0}
--- !u!1001 &6626064753977136266
PrefabInstance:
  m_ObjectHideFlags: 0
  serializedVersion: 2
  m_Modification:
    m_TransformParent: {fileID: 1562449876142663740}
    m_Modifications:
    - target: {fileID: 2162703500156325567, guid: 1a83bf194a446824b8dfce07a930af68, type: 3}
      propertyPath: m_RootOrder
      value: 2
      objectReference: {fileID: 0}
    - target: {fileID: 2162703500156325567, guid: 1a83bf194a446824b8dfce07a930af68, type: 3}
      propertyPath: m_LocalPosition.x
      value: 4.100006
      objectReference: {fileID: 0}
    - target: {fileID: 2162703500156325567, guid: 1a83bf194a446824b8dfce07a930af68, type: 3}
      propertyPath: m_LocalPosition.y
      value: 0.01
      objectReference: {fileID: 0}
    - target: {fileID: 2162703500156325567, guid: 1a83bf194a446824b8dfce07a930af68, type: 3}
      propertyPath: m_LocalPosition.z
      value: 31.940002
      objectReference: {fileID: 0}
    - target: {fileID: 2162703500156325567, guid: 1a83bf194a446824b8dfce07a930af68, type: 3}
      propertyPath: m_LocalRotation.w
      value: 0
      objectReference: {fileID: 0}
    - target: {fileID: 2162703500156325567, guid: 1a83bf194a446824b8dfce07a930af68, type: 3}
      propertyPath: m_LocalRotation.x
      value: -0
      objectReference: {fileID: 0}
    - target: {fileID: 2162703500156325567, guid: 1a83bf194a446824b8dfce07a930af68, type: 3}
      propertyPath: m_LocalRotation.y
      value: 1
      objectReference: {fileID: 0}
    - target: {fileID: 2162703500156325567, guid: 1a83bf194a446824b8dfce07a930af68, type: 3}
      propertyPath: m_LocalRotation.z
      value: -0
      objectReference: {fileID: 0}
    - target: {fileID: 2162703500156325567, guid: 1a83bf194a446824b8dfce07a930af68, type: 3}
      propertyPath: m_LocalEulerAnglesHint.x
      value: 0
      objectReference: {fileID: 0}
    - target: {fileID: 2162703500156325567, guid: 1a83bf194a446824b8dfce07a930af68, type: 3}
      propertyPath: m_LocalEulerAnglesHint.y
      value: 180
      objectReference: {fileID: 0}
    - target: {fileID: 2162703500156325567, guid: 1a83bf194a446824b8dfce07a930af68, type: 3}
      propertyPath: m_LocalEulerAnglesHint.z
      value: 0
      objectReference: {fileID: 0}
    - target: {fileID: 4429875202314958880, guid: 1a83bf194a446824b8dfce07a930af68, type: 3}
      propertyPath: m_Name
      value: Moment_Misconduct_Left2 Variant
      objectReference: {fileID: 0}
    m_RemovedComponents:
    - {fileID: 4875420537064482206, guid: 1a83bf194a446824b8dfce07a930af68, type: 3}
  m_SourcePrefab: {fileID: 100100000, guid: 1a83bf194a446824b8dfce07a930af68, type: 3}
--- !u!1 &7390009855014104234 stripped
GameObject:
  m_CorrespondingSourceObject: {fileID: 4429875202314958880, guid: 1a83bf194a446824b8dfce07a930af68, type: 3}
  m_PrefabInstance: {fileID: 6626064753977136266}
  m_PrefabAsset: {fileID: 0}
--- !u!4 &5041768334451071541 stripped
Transform:
  m_CorrespondingSourceObject: {fileID: 2162703500156325567, guid: 1a83bf194a446824b8dfce07a930af68, type: 3}
  m_PrefabInstance: {fileID: 6626064753977136266}
  m_PrefabAsset: {fileID: 0}
--- !u!1001 &8161050501965681730
PrefabInstance:
  m_ObjectHideFlags: 0
  serializedVersion: 2
  m_Modification:
    m_TransformParent: {fileID: 1472292503808335784}
    m_Modifications:
    - target: {fileID: 8283388863354204765, guid: 049c00115adee894e9beb2bcffa8b772, type: 3}
      propertyPath: m_Name
      value: Stage_Moment
      objectReference: {fileID: 0}
    - target: {fileID: 8283388863354204766, guid: 049c00115adee894e9beb2bcffa8b772, type: 3}
      propertyPath: m_RootOrder
      value: 0
      objectReference: {fileID: 0}
    - target: {fileID: 8283388863354204766, guid: 049c00115adee894e9beb2bcffa8b772, type: 3}
      propertyPath: m_LocalPosition.x
      value: 0
      objectReference: {fileID: 0}
    - target: {fileID: 8283388863354204766, guid: 049c00115adee894e9beb2bcffa8b772, type: 3}
      propertyPath: m_LocalPosition.y
      value: 0
      objectReference: {fileID: 0}
    - target: {fileID: 8283388863354204766, guid: 049c00115adee894e9beb2bcffa8b772, type: 3}
      propertyPath: m_LocalPosition.z
      value: 0
      objectReference: {fileID: 0}
    - target: {fileID: 8283388863354204766, guid: 049c00115adee894e9beb2bcffa8b772, type: 3}
      propertyPath: m_LocalRotation.w
      value: 1
      objectReference: {fileID: 0}
    - target: {fileID: 8283388863354204766, guid: 049c00115adee894e9beb2bcffa8b772, type: 3}
      propertyPath: m_LocalRotation.x
      value: -0
      objectReference: {fileID: 0}
    - target: {fileID: 8283388863354204766, guid: 049c00115adee894e9beb2bcffa8b772, type: 3}
      propertyPath: m_LocalRotation.y
      value: -0
      objectReference: {fileID: 0}
    - target: {fileID: 8283388863354204766, guid: 049c00115adee894e9beb2bcffa8b772, type: 3}
      propertyPath: m_LocalRotation.z
      value: -0
      objectReference: {fileID: 0}
    - target: {fileID: 8283388863354204766, guid: 049c00115adee894e9beb2bcffa8b772, type: 3}
      propertyPath: m_LocalEulerAnglesHint.x
      value: 0
      objectReference: {fileID: 0}
    - target: {fileID: 8283388863354204766, guid: 049c00115adee894e9beb2bcffa8b772, type: 3}
      propertyPath: m_LocalEulerAnglesHint.y
      value: 0
      objectReference: {fileID: 0}
    - target: {fileID: 8283388863354204766, guid: 049c00115adee894e9beb2bcffa8b772, type: 3}
      propertyPath: m_LocalEulerAnglesHint.z
      value: 0
      objectReference: {fileID: 0}
    m_RemovedComponents: []
  m_SourcePrefab: {fileID: 100100000, guid: 049c00115adee894e9beb2bcffa8b772, type: 3}
--- !u!4 &267228028807374364 stripped
Transform:
  m_CorrespondingSourceObject: {fileID: 8283388863354204766, guid: 049c00115adee894e9beb2bcffa8b772, type: 3}
  m_PrefabInstance: {fileID: 8161050501965681730}
  m_PrefabAsset: {fileID: 0}
--- !u!1001 &8849269071394144609
PrefabInstance:
  m_ObjectHideFlags: 0
  serializedVersion: 2
  m_Modification:
    m_TransformParent: {fileID: 1562449876142663740}
    m_Modifications:
    - target: {fileID: 2150027376826260191, guid: e55003624f720934e926a1c5826f838c, type: 3}
      propertyPath: m_Name
      value: Moment_Study_Left Variant
      objectReference: {fileID: 0}
    - target: {fileID: 4516844186952838208, guid: e55003624f720934e926a1c5826f838c, type: 3}
      propertyPath: m_RootOrder
      value: 0
      objectReference: {fileID: 0}
    - target: {fileID: 4516844186952838208, guid: e55003624f720934e926a1c5826f838c, type: 3}
      propertyPath: m_LocalPosition.x
      value: 4.100006
      objectReference: {fileID: 0}
    - target: {fileID: 4516844186952838208, guid: e55003624f720934e926a1c5826f838c, type: 3}
      propertyPath: m_LocalPosition.y
      value: 0.01
      objectReference: {fileID: 0}
    - target: {fileID: 4516844186952838208, guid: e55003624f720934e926a1c5826f838c, type: 3}
      propertyPath: m_LocalPosition.z
      value: 10
      objectReference: {fileID: 0}
    - target: {fileID: 4516844186952838208, guid: e55003624f720934e926a1c5826f838c, type: 3}
      propertyPath: m_LocalRotation.w
      value: 0
      objectReference: {fileID: 0}
    - target: {fileID: 4516844186952838208, guid: e55003624f720934e926a1c5826f838c, type: 3}
      propertyPath: m_LocalRotation.x
      value: -0
      objectReference: {fileID: 0}
    - target: {fileID: 4516844186952838208, guid: e55003624f720934e926a1c5826f838c, type: 3}
      propertyPath: m_LocalRotation.y
      value: 1
      objectReference: {fileID: 0}
    - target: {fileID: 4516844186952838208, guid: e55003624f720934e926a1c5826f838c, type: 3}
      propertyPath: m_LocalRotation.z
      value: -0
      objectReference: {fileID: 0}
    - target: {fileID: 4516844186952838208, guid: e55003624f720934e926a1c5826f838c, type: 3}
      propertyPath: m_LocalEulerAnglesHint.x
      value: 0
      objectReference: {fileID: 0}
    - target: {fileID: 4516844186952838208, guid: e55003624f720934e926a1c5826f838c, type: 3}
      propertyPath: m_LocalEulerAnglesHint.y
      value: 180
      objectReference: {fileID: 0}
    - target: {fileID: 4516844186952838208, guid: e55003624f720934e926a1c5826f838c, type: 3}
      propertyPath: m_LocalEulerAnglesHint.z
      value: 0
      objectReference: {fileID: 0}
    m_RemovedComponents: []
  m_SourcePrefab: {fileID: 100100000, guid: e55003624f720934e926a1c5826f838c, type: 3}
--- !u!1 &7428834747156306878 stripped
GameObject:
  m_CorrespondingSourceObject: {fileID: 2150027376826260191, guid: e55003624f720934e926a1c5826f838c, type: 3}
  m_PrefabInstance: {fileID: 8849269071394144609}
  m_PrefabAsset: {fileID: 0}
--- !u!4 &4927472967418391841 stripped
Transform:
  m_CorrespondingSourceObject: {fileID: 4516844186952838208, guid: e55003624f720934e926a1c5826f838c, type: 3}
  m_PrefabInstance: {fileID: 8849269071394144609}
  m_PrefabAsset: {fileID: 0}
