%YAML 1.1
%TAG !u! tag:unity3d.com,2011:
--- !u!1 &2298713949593738899
GameObject:
  m_ObjectHideFlags: 0
  m_CorrespondingSourceObject: {fileID: 0}
  m_PrefabInstance: {fileID: 0}
  m_PrefabAsset: {fileID: 0}
  serializedVersion: 6
  m_Component:
  - component: {fileID: 8496556704923190294}
  - component: {fileID: 4039286337333301455}
  - component: {fileID: 1649154061605359456}
  - component: {fileID: 9045976087206715034}
  m_Layer: 0
  m_Name: GameObject
  m_TagString: MOMENT_INTERACTION
  m_Icon: {fileID: 0}
  m_NavMeshLayer: 0
  m_StaticEditorFlags: 0
  m_IsActive: 1
--- !u!4 &8496556704923190294
Transform:
  m_ObjectHideFlags: 0
  m_CorrespondingSourceObject: {fileID: 0}
  m_PrefabInstance: {fileID: 0}
  m_PrefabAsset: {fileID: 0}
  m_GameObject: {fileID: 2298713949593738899}
  m_LocalRotation: {x: 0, y: 0, z: 0, w: 1}
  m_LocalPosition: {x: 5.100006, y: 3.49, z: 3.49}
  m_LocalScale: {x: 7.499999, y: 7.5, z: 7.499999}
  m_Children:
  - {fileID: 447702587740755442}
  - {fileID: 6721176482017934130}
  - {fileID: 7566566712059873288}
  m_Father: {fileID: 5544652330990429702}
  m_RootOrder: 6
  m_LocalEulerAnglesHint: {x: 0, y: 0, z: 0}
--- !u!114 &4039286337333301455
MonoBehaviour:
  m_ObjectHideFlags: 0
  m_CorrespondingSourceObject: {fileID: 0}
  m_PrefabInstance: {fileID: 0}
  m_PrefabAsset: {fileID: 0}
  m_GameObject: {fileID: 2298713949593738899}
  m_Enabled: 1
  m_EditorHideFlags: 0
  m_Script: {fileID: 11500000, guid: 95e2a95725497624786f797c48f5640e, type: 3}
  m_Name: 
  m_EditorClassIdentifier: 
  type: 1
--- !u!114 &1649154061605359456
MonoBehaviour:
  m_ObjectHideFlags: 0
  m_CorrespondingSourceObject: {fileID: 0}
  m_PrefabInstance: {fileID: 0}
  m_PrefabAsset: {fileID: 0}
  m_GameObject: {fileID: 2298713949593738899}
  m_Enabled: 1
  m_EditorHideFlags: 0
  m_Script: {fileID: 11500000, guid: 2fc0ab0348c6dec4bb64f07cdf5ecb68, type: 3}
  m_Name: 
  m_EditorClassIdentifier: 
  isRotate: 1
  isMove: 0
--- !u!65 &9045976087206715034
BoxCollider:
  m_ObjectHideFlags: 0
  m_CorrespondingSourceObject: {fileID: 0}
  m_PrefabInstance: {fileID: 0}
  m_PrefabAsset: {fileID: 0}
  m_GameObject: {fileID: 2298713949593738899}
  m_Material: {fileID: 0}
  m_IsTrigger: 1
  m_Enabled: 1
  serializedVersion: 2
  m_Size: {x: 0.06, y: 0.05, z: 0.07}
  m_Center: {x: 0, y: 0, z: 0}
--- !u!114 &7505619594710201320
MonoBehaviour:
  m_ObjectHideFlags: 0
  m_CorrespondingSourceObject: {fileID: 0}
  m_PrefabInstance: {fileID: 0}
  m_PrefabAsset: {fileID: 0}
  m_GameObject: {fileID: 8037778210827358361}
  m_Enabled: 1
  m_EditorHideFlags: 0
  m_Script: {fileID: 11500000, guid: df45628ea6ab06f44b16756180ef29e1, type: 3}
  m_Name: 
  m_EditorClassIdentifier: 
  type: 7
  MO: -15
  HP: -5
  HA: 15
  cSP: 0
  tSP: 3
  ySP: 8
  aSP: 0
  interactionPoint: {fileID: 972038154615770952}
  disableBox: {fileID: 6483152506423300116}
--- !u!1 &5522904758562784092
GameObject:
  m_ObjectHideFlags: 0
  m_CorrespondingSourceObject: {fileID: 0}
  m_PrefabInstance: {fileID: 0}
  m_PrefabAsset: {fileID: 0}
  serializedVersion: 6
  m_Component:
  - component: {fileID: 6548464461538859962}
  m_Layer: 0
  m_Name: Structure_Date
  m_TagString: Untagged
  m_Icon: {fileID: 0}
  m_NavMeshLayer: 0
  m_StaticEditorFlags: 0
  m_IsActive: 1
--- !u!4 &6548464461538859962
Transform:
  m_ObjectHideFlags: 0
  m_CorrespondingSourceObject: {fileID: 0}
  m_PrefabInstance: {fileID: 0}
  m_PrefabAsset: {fileID: 0}
  m_GameObject: {fileID: 5522904758562784092}
  m_LocalRotation: {x: 0, y: 0, z: 0, w: 1}
  m_LocalPosition: {x: 0, y: 0, z: 0}
  m_LocalScale: {x: 1, y: 1, z: 1}
  m_Children:
  - {fileID: 8650881798194054160}
  - {fileID: 9010421269300751936}
  - {fileID: 880388638280410409}
  - {fileID: 5506929183400544599}
  - {fileID: 5356256745025028060}
  m_Father: {fileID: 5544652330990429702}
  m_RootOrder: 4
  m_LocalEulerAnglesHint: {x: 0, y: 0, z: 0}
--- !u!1001 &2770709
PrefabInstance:
  m_ObjectHideFlags: 0
  serializedVersion: 2
  m_Modification:
    m_TransformParent: {fileID: 5544652330990429702}
    m_Modifications:
    - target: {fileID: 1005028455241181925, guid: 5af89a7382a4cc74f8e0ee472ffb5003, type: 3}
      propertyPath: m_Enabled
      value: 0
      objectReference: {fileID: 0}
    - target: {fileID: 6483152506424727297, guid: 5af89a7382a4cc74f8e0ee472ffb5003, type: 3}
      propertyPath: m_Name
      value: DisableBox_Date
      objectReference: {fileID: 0}
    - target: {fileID: 6483152506424727297, guid: 5af89a7382a4cc74f8e0ee472ffb5003, type: 3}
      propertyPath: m_IsActive
      value: 0
      objectReference: {fileID: 0}
    - target: {fileID: 7203000742551079869, guid: 5af89a7382a4cc74f8e0ee472ffb5003, type: 3}
      propertyPath: m_RootOrder
      value: 5
      objectReference: {fileID: 0}
    - target: {fileID: 7203000742551079869, guid: 5af89a7382a4cc74f8e0ee472ffb5003, type: 3}
      propertyPath: m_LocalPosition.x
      value: 7.3999996
      objectReference: {fileID: 0}
    - target: {fileID: 7203000742551079869, guid: 5af89a7382a4cc74f8e0ee472ffb5003, type: 3}
      propertyPath: m_LocalPosition.y
      value: 2.05
      objectReference: {fileID: 0}
    - target: {fileID: 7203000742551079869, guid: 5af89a7382a4cc74f8e0ee472ffb5003, type: 3}
      propertyPath: m_LocalPosition.z
      value: -0.049987793
      objectReference: {fileID: 0}
    - target: {fileID: 7203000742551079869, guid: 5af89a7382a4cc74f8e0ee472ffb5003, type: 3}
      propertyPath: m_LocalRotation.w
      value: 0
      objectReference: {fileID: 0}
    - target: {fileID: 7203000742551079869, guid: 5af89a7382a4cc74f8e0ee472ffb5003, type: 3}
      propertyPath: m_LocalRotation.x
      value: -0
      objectReference: {fileID: 0}
    - target: {fileID: 7203000742551079869, guid: 5af89a7382a4cc74f8e0ee472ffb5003, type: 3}
      propertyPath: m_LocalRotation.y
      value: -1
      objectReference: {fileID: 0}
    - target: {fileID: 7203000742551079869, guid: 5af89a7382a4cc74f8e0ee472ffb5003, type: 3}
      propertyPath: m_LocalRotation.z
      value: -0
      objectReference: {fileID: 0}
    - target: {fileID: 7203000742551079869, guid: 5af89a7382a4cc74f8e0ee472ffb5003, type: 3}
      propertyPath: m_LocalEulerAnglesHint.x
      value: 0
      objectReference: {fileID: 0}
    - target: {fileID: 7203000742551079869, guid: 5af89a7382a4cc74f8e0ee472ffb5003, type: 3}
      propertyPath: m_LocalEulerAnglesHint.y
      value: 0
      objectReference: {fileID: 0}
    - target: {fileID: 7203000742551079869, guid: 5af89a7382a4cc74f8e0ee472ffb5003, type: 3}
      propertyPath: m_LocalEulerAnglesHint.z
      value: 0
      objectReference: {fileID: 0}
    m_RemovedComponents: []
  m_SourcePrefab: {fileID: 100100000, guid: 5af89a7382a4cc74f8e0ee472ffb5003, type: 3}
--- !u!1 &6483152506423300116 stripped
GameObject:
  m_CorrespondingSourceObject: {fileID: 6483152506424727297, guid: 5af89a7382a4cc74f8e0ee472ffb5003, type: 3}
  m_PrefabInstance: {fileID: 2770709}
  m_PrefabAsset: {fileID: 0}
--- !u!4 &7203000742549621928 stripped
Transform:
  m_CorrespondingSourceObject: {fileID: 7203000742551079869, guid: 5af89a7382a4cc74f8e0ee472ffb5003, type: 3}
  m_PrefabInstance: {fileID: 2770709}
  m_PrefabAsset: {fileID: 0}
--- !u!1001 &125034662013891097
PrefabInstance:
  m_ObjectHideFlags: 0
  serializedVersion: 2
  m_Modification:
    m_TransformParent: {fileID: 8496556704923190294}
    m_Modifications:
    - target: {fileID: -8679921383154817045, guid: fef71a2ace75b634dae0553cb9e4b5b2, type: 3}
      propertyPath: m_RootOrder
      value: 0
      objectReference: {fileID: 0}
    - target: {fileID: -8679921383154817045, guid: fef71a2ace75b634dae0553cb9e4b5b2, type: 3}
      propertyPath: m_LocalScale.x
      value: 1
      objectReference: {fileID: 0}
    - target: {fileID: -8679921383154817045, guid: fef71a2ace75b634dae0553cb9e4b5b2, type: 3}
      propertyPath: m_LocalScale.y
      value: 1
      objectReference: {fileID: 0}
    - target: {fileID: -8679921383154817045, guid: fef71a2ace75b634dae0553cb9e4b5b2, type: 3}
      propertyPath: m_LocalScale.z
      value: 1
      objectReference: {fileID: 0}
    - target: {fileID: -8679921383154817045, guid: fef71a2ace75b634dae0553cb9e4b5b2, type: 3}
      propertyPath: m_LocalPosition.x
      value: 0
      objectReference: {fileID: 0}
    - target: {fileID: -8679921383154817045, guid: fef71a2ace75b634dae0553cb9e4b5b2, type: 3}
      propertyPath: m_LocalPosition.y
      value: 0
      objectReference: {fileID: 0}
    - target: {fileID: -8679921383154817045, guid: fef71a2ace75b634dae0553cb9e4b5b2, type: 3}
      propertyPath: m_LocalPosition.z
      value: 0
      objectReference: {fileID: 0}
    - target: {fileID: -8679921383154817045, guid: fef71a2ace75b634dae0553cb9e4b5b2, type: 3}
      propertyPath: m_LocalRotation.w
      value: 0.7002253
      objectReference: {fileID: 0}
    - target: {fileID: -8679921383154817045, guid: fef71a2ace75b634dae0553cb9e4b5b2, type: 3}
      propertyPath: m_LocalRotation.x
      value: -0.7002253
      objectReference: {fileID: 0}
    - target: {fileID: -8679921383154817045, guid: fef71a2ace75b634dae0553cb9e4b5b2, type: 3}
      propertyPath: m_LocalRotation.y
      value: 0.098410234
      objectReference: {fileID: 0}
    - target: {fileID: -8679921383154817045, guid: fef71a2ace75b634dae0553cb9e4b5b2, type: 3}
      propertyPath: m_LocalRotation.z
      value: 0.098410234
      objectReference: {fileID: 0}
    - target: {fileID: -8679921383154817045, guid: fef71a2ace75b634dae0553cb9e4b5b2, type: 3}
      propertyPath: m_LocalEulerAnglesHint.x
      value: -90
      objectReference: {fileID: 0}
    - target: {fileID: -8679921383154817045, guid: fef71a2ace75b634dae0553cb9e4b5b2, type: 3}
      propertyPath: m_LocalEulerAnglesHint.y
      value: 16
      objectReference: {fileID: 0}
    - target: {fileID: -8679921383154817045, guid: fef71a2ace75b634dae0553cb9e4b5b2, type: 3}
      propertyPath: m_LocalEulerAnglesHint.z
      value: 0
      objectReference: {fileID: 0}
    - target: {fileID: -7511558181221131132, guid: fef71a2ace75b634dae0553cb9e4b5b2, type: 3}
      propertyPath: m_Materials.Array.data[0]
      value: 
      objectReference: {fileID: 2100000, guid: 7adc76b66fec0db42b8ea3d7df8e861b, type: 2}
    - target: {fileID: 919132149155446097, guid: fef71a2ace75b634dae0553cb9e4b5b2, type: 3}
      propertyPath: m_Name
      value: Interact_Date
      objectReference: {fileID: 0}
    - target: {fileID: 919132149155446097, guid: fef71a2ace75b634dae0553cb9e4b5b2, type: 3}
      propertyPath: m_IsActive
      value: 1
      objectReference: {fileID: 0}
    - target: {fileID: 919132149155446097, guid: fef71a2ace75b634dae0553cb9e4b5b2, type: 3}
      propertyPath: m_TagString
      value: Untagged
      objectReference: {fileID: 0}
    m_RemovedComponents: []
  m_SourcePrefab: {fileID: 100100000, guid: fef71a2ace75b634dae0553cb9e4b5b2, type: 3}
--- !u!1 &972038154615770952 stripped
GameObject:
  m_CorrespondingSourceObject: {fileID: 919132149155446097, guid: fef71a2ace75b634dae0553cb9e4b5b2, type: 3}
  m_PrefabInstance: {fileID: 125034662013891097}
  m_PrefabAsset: {fileID: 0}
--- !u!4 &447702587740755442 stripped
Transform:
  m_CorrespondingSourceObject: {fileID: -8679921383154817045, guid: fef71a2ace75b634dae0553cb9e4b5b2, type: 3}
  m_PrefabInstance: {fileID: 125034662013891097}
  m_PrefabAsset: {fileID: 0}
--- !u!1001 &845970500659380930
PrefabInstance:
  m_ObjectHideFlags: 0
  serializedVersion: 2
  m_Modification:
    m_TransformParent: {fileID: 6548464461538859962}
    m_Modifications:
    - target: {fileID: -8679921383154817045, guid: f801b8985323cf84d8757bf0a1d1106f, type: 3}
      propertyPath: m_RootOrder
      value: 2
      objectReference: {fileID: 0}
    - target: {fileID: -8679921383154817045, guid: f801b8985323cf84d8757bf0a1d1106f, type: 3}
      propertyPath: m_LocalScale.x
      value: 40
      objectReference: {fileID: 0}
    - target: {fileID: -8679921383154817045, guid: f801b8985323cf84d8757bf0a1d1106f, type: 3}
      propertyPath: m_LocalScale.y
      value: 40
      objectReference: {fileID: 0}
    - target: {fileID: -8679921383154817045, guid: f801b8985323cf84d8757bf0a1d1106f, type: 3}
      propertyPath: m_LocalScale.z
      value: 40
      objectReference: {fileID: 0}
    - target: {fileID: -8679921383154817045, guid: f801b8985323cf84d8757bf0a1d1106f, type: 3}
      propertyPath: m_LocalPosition.x
      value: 6.17
      objectReference: {fileID: 0}
    - target: {fileID: -8679921383154817045, guid: f801b8985323cf84d8757bf0a1d1106f, type: 3}
      propertyPath: m_LocalPosition.y
      value: 1.488
      objectReference: {fileID: 0}
    - target: {fileID: -8679921383154817045, guid: f801b8985323cf84d8757bf0a1d1106f, type: 3}
      propertyPath: m_LocalPosition.z
      value: -0.020999908
      objectReference: {fileID: 0}
    - target: {fileID: -8679921383154817045, guid: f801b8985323cf84d8757bf0a1d1106f, type: 3}
      propertyPath: m_LocalRotation.w
      value: 0.9063079
      objectReference: {fileID: 0}
    - target: {fileID: -8679921383154817045, guid: f801b8985323cf84d8757bf0a1d1106f, type: 3}
      propertyPath: m_LocalRotation.x
      value: -0
      objectReference: {fileID: 0}
    - target: {fileID: -8679921383154817045, guid: f801b8985323cf84d8757bf0a1d1106f, type: 3}
      propertyPath: m_LocalRotation.y
      value: -0.42261827
      objectReference: {fileID: 0}
    - target: {fileID: -8679921383154817045, guid: f801b8985323cf84d8757bf0a1d1106f, type: 3}
      propertyPath: m_LocalRotation.z
      value: -0
      objectReference: {fileID: 0}
    - target: {fileID: -8679921383154817045, guid: f801b8985323cf84d8757bf0a1d1106f, type: 3}
      propertyPath: m_LocalEulerAnglesHint.x
      value: 0
      objectReference: {fileID: 0}
    - target: {fileID: -8679921383154817045, guid: f801b8985323cf84d8757bf0a1d1106f, type: 3}
      propertyPath: m_LocalEulerAnglesHint.y
      value: -50
      objectReference: {fileID: 0}
    - target: {fileID: -8679921383154817045, guid: f801b8985323cf84d8757bf0a1d1106f, type: 3}
      propertyPath: m_LocalEulerAnglesHint.z
      value: 0
      objectReference: {fileID: 0}
    - target: {fileID: 919132149155446097, guid: f801b8985323cf84d8757bf0a1d1106f, type: 3}
      propertyPath: m_Name
      value: Rose
      objectReference: {fileID: 0}
    m_RemovedComponents: []
  m_SourcePrefab: {fileID: 100100000, guid: f801b8985323cf84d8757bf0a1d1106f, type: 3}
--- !u!4 &880388638280410409 stripped
Transform:
  m_CorrespondingSourceObject: {fileID: -8679921383154817045, guid: f801b8985323cf84d8757bf0a1d1106f, type: 3}
  m_PrefabInstance: {fileID: 845970500659380930}
  m_PrefabAsset: {fileID: 0}
--- !u!1001 &4164209943886439282
PrefabInstance:
  m_ObjectHideFlags: 0
  serializedVersion: 2
  m_Modification:
    m_TransformParent: {fileID: 0}
    m_Modifications:
    - target: {fileID: 1607537807727498056, guid: f415ea50bc0e4d748bb45228514121ad, type: 3}
      propertyPath: m_Materials.Array.data[0]
      value: 
      objectReference: {fileID: 2100000, guid: a50fbbb736d42584cbdd74375ae3a94b, type: 2}
    - target: {fileID: 6215480218232910827, guid: f415ea50bc0e4d748bb45228514121ad, type: 3}
      propertyPath: m_Name
      value: Moment_Date_Left Variant
      objectReference: {fileID: 0}
    - target: {fileID: 6215480218232910827, guid: f415ea50bc0e4d748bb45228514121ad, type: 3}
      propertyPath: m_TagString
      value: Untagged
      objectReference: {fileID: 0}
    - target: {fileID: 6232277897178076811, guid: f415ea50bc0e4d748bb45228514121ad, type: 3}
      propertyPath: m_Materials.Array.data[0]
      value: 
      objectReference: {fileID: 2100000, guid: a50fbbb736d42584cbdd74375ae3a94b, type: 2}
    - target: {fileID: 7079817661498749360, guid: f415ea50bc0e4d748bb45228514121ad, type: 3}
      propertyPath: m_Materials.Array.data[0]
      value: 
      objectReference: {fileID: 2100000, guid: a50fbbb736d42584cbdd74375ae3a94b, type: 2}
    - target: {fileID: 7328173005871362347, guid: f415ea50bc0e4d748bb45228514121ad, type: 3}
      propertyPath: m_Materials.Array.data[0]
      value: 
      objectReference: {fileID: 2100000, guid: 8ef72c271d0a5b34b9bdbbe08da8c06c, type: 2}
    - target: {fileID: 8446695759859533172, guid: f415ea50bc0e4d748bb45228514121ad, type: 3}
      propertyPath: m_RootOrder
      value: 0
      objectReference: {fileID: 0}
    - target: {fileID: 8446695759859533172, guid: f415ea50bc0e4d748bb45228514121ad, type: 3}
      propertyPath: m_LocalPosition.x
      value: 4.100006
      objectReference: {fileID: 0}
    - target: {fileID: 8446695759859533172, guid: f415ea50bc0e4d748bb45228514121ad, type: 3}
      propertyPath: m_LocalPosition.y
      value: 0.01
      objectReference: {fileID: 0}
    - target: {fileID: 8446695759859533172, guid: f415ea50bc0e4d748bb45228514121ad, type: 3}
      propertyPath: m_LocalPosition.z
      value: 31.940002
      objectReference: {fileID: 0}
    - target: {fileID: 8446695759859533172, guid: f415ea50bc0e4d748bb45228514121ad, type: 3}
      propertyPath: m_LocalRotation.w
      value: 0
      objectReference: {fileID: 0}
    - target: {fileID: 8446695759859533172, guid: f415ea50bc0e4d748bb45228514121ad, type: 3}
      propertyPath: m_LocalRotation.x
      value: -0
      objectReference: {fileID: 0}
    - target: {fileID: 8446695759859533172, guid: f415ea50bc0e4d748bb45228514121ad, type: 3}
      propertyPath: m_LocalRotation.y
      value: 1
      objectReference: {fileID: 0}
    - target: {fileID: 8446695759859533172, guid: f415ea50bc0e4d748bb45228514121ad, type: 3}
      propertyPath: m_LocalRotation.z
      value: -0
      objectReference: {fileID: 0}
    - target: {fileID: 8446695759859533172, guid: f415ea50bc0e4d748bb45228514121ad, type: 3}
      propertyPath: m_LocalEulerAnglesHint.x
      value: 0
      objectReference: {fileID: 0}
    - target: {fileID: 8446695759859533172, guid: f415ea50bc0e4d748bb45228514121ad, type: 3}
      propertyPath: m_LocalEulerAnglesHint.y
      value: 180
      objectReference: {fileID: 0}
    - target: {fileID: 8446695759859533172, guid: f415ea50bc0e4d748bb45228514121ad, type: 3}
      propertyPath: m_LocalEulerAnglesHint.z
      value: 0
      objectReference: {fileID: 0}
    m_RemovedComponents: []
  m_SourcePrefab: {fileID: 100100000, guid: f415ea50bc0e4d748bb45228514121ad, type: 3}
--- !u!1 &8037778210827358361 stripped
GameObject:
  m_CorrespondingSourceObject: {fileID: 6215480218232910827, guid: f415ea50bc0e4d748bb45228514121ad, type: 3}
  m_PrefabInstance: {fileID: 4164209943886439282}
  m_PrefabAsset: {fileID: 0}
--- !u!4 &5544652330990429702 stripped
Transform:
  m_CorrespondingSourceObject: {fileID: 8446695759859533172, guid: f415ea50bc0e4d748bb45228514121ad, type: 3}
  m_PrefabInstance: {fileID: 4164209943886439282}
  m_PrefabAsset: {fileID: 0}
--- !u!1001 &5469115521883385532
PrefabInstance:
  m_ObjectHideFlags: 0
  serializedVersion: 2
  m_Modification:
    m_TransformParent: {fileID: 6548464461538859962}
    m_Modifications:
    - target: {fileID: -8679921383154817045, guid: f801b8985323cf84d8757bf0a1d1106f, type: 3}
      propertyPath: m_RootOrder
      value: 3
      objectReference: {fileID: 0}
    - target: {fileID: -8679921383154817045, guid: f801b8985323cf84d8757bf0a1d1106f, type: 3}
      propertyPath: m_LocalScale.x
      value: 40
      objectReference: {fileID: 0}
    - target: {fileID: -8679921383154817045, guid: f801b8985323cf84d8757bf0a1d1106f, type: 3}
      propertyPath: m_LocalScale.y
      value: 40
      objectReference: {fileID: 0}
    - target: {fileID: -8679921383154817045, guid: f801b8985323cf84d8757bf0a1d1106f, type: 3}
      propertyPath: m_LocalScale.z
      value: 40
      objectReference: {fileID: 0}
    - target: {fileID: -8679921383154817045, guid: f801b8985323cf84d8757bf0a1d1106f, type: 3}
      propertyPath: m_LocalPosition.x
      value: 5.61
      objectReference: {fileID: 0}
    - target: {fileID: -8679921383154817045, guid: f801b8985323cf84d8757bf0a1d1106f, type: 3}
      propertyPath: m_LocalPosition.y
      value: 1.9920001
      objectReference: {fileID: 0}
    - target: {fileID: -8679921383154817045, guid: f801b8985323cf84d8757bf0a1d1106f, type: 3}
      propertyPath: m_LocalPosition.z
      value: -1.1539955
      objectReference: {fileID: 0}
    - target: {fileID: -8679921383154817045, guid: f801b8985323cf84d8757bf0a1d1106f, type: 3}
      propertyPath: m_LocalRotation.w
      value: 1
      objectReference: {fileID: 0}
    - target: {fileID: -8679921383154817045, guid: f801b8985323cf84d8757bf0a1d1106f, type: 3}
      propertyPath: m_LocalRotation.x
      value: -0
      objectReference: {fileID: 0}
    - target: {fileID: -8679921383154817045, guid: f801b8985323cf84d8757bf0a1d1106f, type: 3}
      propertyPath: m_LocalRotation.y
      value: -0
      objectReference: {fileID: 0}
    - target: {fileID: -8679921383154817045, guid: f801b8985323cf84d8757bf0a1d1106f, type: 3}
      propertyPath: m_LocalRotation.z
      value: -0
      objectReference: {fileID: 0}
    - target: {fileID: -8679921383154817045, guid: f801b8985323cf84d8757bf0a1d1106f, type: 3}
      propertyPath: m_LocalEulerAnglesHint.x
      value: 0
      objectReference: {fileID: 0}
    - target: {fileID: -8679921383154817045, guid: f801b8985323cf84d8757bf0a1d1106f, type: 3}
      propertyPath: m_LocalEulerAnglesHint.y
      value: 0
      objectReference: {fileID: 0}
    - target: {fileID: -8679921383154817045, guid: f801b8985323cf84d8757bf0a1d1106f, type: 3}
      propertyPath: m_LocalEulerAnglesHint.z
      value: 0
      objectReference: {fileID: 0}
    - target: {fileID: 919132149155446097, guid: f801b8985323cf84d8757bf0a1d1106f, type: 3}
      propertyPath: m_Name
      value: Rose_1
      objectReference: {fileID: 0}
    m_RemovedComponents: []
  m_SourcePrefab: {fileID: 100100000, guid: f801b8985323cf84d8757bf0a1d1106f, type: 3}
--- !u!4 &5506929183400544599 stripped
Transform:
  m_CorrespondingSourceObject: {fileID: -8679921383154817045, guid: f801b8985323cf84d8757bf0a1d1106f, type: 3}
  m_PrefabInstance: {fileID: 5469115521883385532}
  m_PrefabAsset: {fileID: 0}
--- !u!1001 &5611351394645497911
PrefabInstance:
  m_ObjectHideFlags: 0
  serializedVersion: 2
  m_Modification:
    m_TransformParent: {fileID: 6548464461538859962}
    m_Modifications:
    - target: {fileID: -8679921383154817045, guid: f801b8985323cf84d8757bf0a1d1106f, type: 3}
      propertyPath: m_RootOrder
      value: 4
      objectReference: {fileID: 0}
    - target: {fileID: -8679921383154817045, guid: f801b8985323cf84d8757bf0a1d1106f, type: 3}
      propertyPath: m_LocalScale.x
      value: 40
      objectReference: {fileID: 0}
    - target: {fileID: -8679921383154817045, guid: f801b8985323cf84d8757bf0a1d1106f, type: 3}
      propertyPath: m_LocalScale.y
      value: 40
      objectReference: {fileID: 0}
    - target: {fileID: -8679921383154817045, guid: f801b8985323cf84d8757bf0a1d1106f, type: 3}
      propertyPath: m_LocalScale.z
      value: 40
      objectReference: {fileID: 0}
    - target: {fileID: -8679921383154817045, guid: f801b8985323cf84d8757bf0a1d1106f, type: 3}
      propertyPath: m_LocalPosition.x
      value: 5.7
      objectReference: {fileID: 0}
    - target: {fileID: -8679921383154817045, guid: f801b8985323cf84d8757bf0a1d1106f, type: 3}
      propertyPath: m_LocalPosition.y
      value: 1.9920001
      objectReference: {fileID: 0}
    - target: {fileID: -8679921383154817045, guid: f801b8985323cf84d8757bf0a1d1106f, type: 3}
      propertyPath: m_LocalPosition.z
      value: 1.3210106
      objectReference: {fileID: 0}
    - target: {fileID: -8679921383154817045, guid: f801b8985323cf84d8757bf0a1d1106f, type: 3}
      propertyPath: m_LocalRotation.w
      value: 0
      objectReference: {fileID: 0}
    - target: {fileID: -8679921383154817045, guid: f801b8985323cf84d8757bf0a1d1106f, type: 3}
      propertyPath: m_LocalRotation.x
      value: -0
      objectReference: {fileID: 0}
    - target: {fileID: -8679921383154817045, guid: f801b8985323cf84d8757bf0a1d1106f, type: 3}
      propertyPath: m_LocalRotation.y
      value: 1
      objectReference: {fileID: 0}
    - target: {fileID: -8679921383154817045, guid: f801b8985323cf84d8757bf0a1d1106f, type: 3}
      propertyPath: m_LocalRotation.z
      value: -0
      objectReference: {fileID: 0}
    - target: {fileID: -8679921383154817045, guid: f801b8985323cf84d8757bf0a1d1106f, type: 3}
      propertyPath: m_LocalEulerAnglesHint.x
      value: 0
      objectReference: {fileID: 0}
    - target: {fileID: -8679921383154817045, guid: f801b8985323cf84d8757bf0a1d1106f, type: 3}
      propertyPath: m_LocalEulerAnglesHint.y
      value: 180
      objectReference: {fileID: 0}
    - target: {fileID: -8679921383154817045, guid: f801b8985323cf84d8757bf0a1d1106f, type: 3}
      propertyPath: m_LocalEulerAnglesHint.z
      value: 0
      objectReference: {fileID: 0}
    - target: {fileID: 919132149155446097, guid: f801b8985323cf84d8757bf0a1d1106f, type: 3}
      propertyPath: m_Name
      value: Rose_2
      objectReference: {fileID: 0}
    m_RemovedComponents: []
  m_SourcePrefab: {fileID: 100100000, guid: f801b8985323cf84d8757bf0a1d1106f, type: 3}
--- !u!4 &5356256745025028060 stripped
Transform:
  m_CorrespondingSourceObject: {fileID: -8679921383154817045, guid: f801b8985323cf84d8757bf0a1d1106f, type: 3}
  m_PrefabInstance: {fileID: 5611351394645497911}
  m_PrefabAsset: {fileID: 0}
--- !u!1001 &6542836471946943705
PrefabInstance:
  m_ObjectHideFlags: 0
  serializedVersion: 2
  m_Modification:
    m_TransformParent: {fileID: 8496556704923190294}
    m_Modifications:
    - target: {fileID: -8679921383154817045, guid: fef71a2ace75b634dae0553cb9e4b5b2, type: 3}
      propertyPath: m_RootOrder
      value: 1
      objectReference: {fileID: 0}
    - target: {fileID: -8679921383154817045, guid: fef71a2ace75b634dae0553cb9e4b5b2, type: 3}
      propertyPath: m_LocalScale.x
      value: 0.20000002
      objectReference: {fileID: 0}
    - target: {fileID: -8679921383154817045, guid: fef71a2ace75b634dae0553cb9e4b5b2, type: 3}
      propertyPath: m_LocalScale.y
      value: 0.2
      objectReference: {fileID: 0}
    - target: {fileID: -8679921383154817045, guid: fef71a2ace75b634dae0553cb9e4b5b2, type: 3}
      propertyPath: m_LocalScale.z
      value: 0.20000002
      objectReference: {fileID: 0}
    - target: {fileID: -8679921383154817045, guid: fef71a2ace75b634dae0553cb9e4b5b2, type: 3}
      propertyPath: m_LocalPosition.x
      value: -0.0436
      objectReference: {fileID: 0}
    - target: {fileID: -8679921383154817045, guid: fef71a2ace75b634dae0553cb9e4b5b2, type: 3}
      propertyPath: m_LocalPosition.y
      value: -0.0223
      objectReference: {fileID: 0}
    - target: {fileID: -8679921383154817045, guid: fef71a2ace75b634dae0553cb9e4b5b2, type: 3}
      propertyPath: m_LocalPosition.z
      value: -0.008200299
      objectReference: {fileID: 0}
    - target: {fileID: -8679921383154817045, guid: fef71a2ace75b634dae0553cb9e4b5b2, type: 3}
      propertyPath: m_LocalRotation.w
      value: 0.7002253
      objectReference: {fileID: 0}
    - target: {fileID: -8679921383154817045, guid: fef71a2ace75b634dae0553cb9e4b5b2, type: 3}
      propertyPath: m_LocalRotation.x
      value: -0.7002253
      objectReference: {fileID: 0}
    - target: {fileID: -8679921383154817045, guid: fef71a2ace75b634dae0553cb9e4b5b2, type: 3}
      propertyPath: m_LocalRotation.y
      value: 0.098410234
      objectReference: {fileID: 0}
    - target: {fileID: -8679921383154817045, guid: fef71a2ace75b634dae0553cb9e4b5b2, type: 3}
      propertyPath: m_LocalRotation.z
      value: 0.098410234
      objectReference: {fileID: 0}
    - target: {fileID: -8679921383154817045, guid: fef71a2ace75b634dae0553cb9e4b5b2, type: 3}
      propertyPath: m_LocalEulerAnglesHint.x
      value: -90
      objectReference: {fileID: 0}
    - target: {fileID: -8679921383154817045, guid: fef71a2ace75b634dae0553cb9e4b5b2, type: 3}
      propertyPath: m_LocalEulerAnglesHint.y
      value: 16
      objectReference: {fileID: 0}
    - target: {fileID: -8679921383154817045, guid: fef71a2ace75b634dae0553cb9e4b5b2, type: 3}
      propertyPath: m_LocalEulerAnglesHint.z
      value: 0
      objectReference: {fileID: 0}
    - target: {fileID: -7511558181221131132, guid: fef71a2ace75b634dae0553cb9e4b5b2, type: 3}
      propertyPath: m_Materials.Array.data[0]
      value: 
      objectReference: {fileID: 2100000, guid: dded6957b6eb3db448046932760f9e06, type: 2}
    - target: {fileID: 919132149155446097, guid: fef71a2ace75b634dae0553cb9e4b5b2, type: 3}
      propertyPath: m_Name
      value: Interact_Date_2
      objectReference: {fileID: 0}
    - target: {fileID: 919132149155446097, guid: fef71a2ace75b634dae0553cb9e4b5b2, type: 3}
      propertyPath: m_TagString
      value: Untagged
      objectReference: {fileID: 0}
    m_RemovedComponents: []
  m_SourcePrefab: {fileID: 100100000, guid: fef71a2ace75b634dae0553cb9e4b5b2, type: 3}
--- !u!4 &6721176482017934130 stripped
Transform:
  m_CorrespondingSourceObject: {fileID: -8679921383154817045, guid: fef71a2ace75b634dae0553cb9e4b5b2, type: 3}
  m_PrefabInstance: {fileID: 6542836471946943705}
  m_PrefabAsset: {fileID: 0}
--- !u!1001 &7652521866380637127
PrefabInstance:
  m_ObjectHideFlags: 0
  serializedVersion: 2
  m_Modification:
    m_TransformParent: {fileID: 7203000742549621928}
    m_Modifications:
    - target: {fileID: -8679921383154817045, guid: fef71a2ace75b634dae0553cb9e4b5b2, type: 3}
      propertyPath: m_RootOrder
      value: 0
      objectReference: {fileID: 0}
    - target: {fileID: -8679921383154817045, guid: fef71a2ace75b634dae0553cb9e4b5b2, type: 3}
      propertyPath: m_LocalScale.x
      value: 1.8292686
      objectReference: {fileID: 0}
    - target: {fileID: -8679921383154817045, guid: fef71a2ace75b634dae0553cb9e4b5b2, type: 3}
      propertyPath: m_LocalScale.y
      value: 1.8292683
      objectReference: {fileID: 0}
    - target: {fileID: -8679921383154817045, guid: fef71a2ace75b634dae0553cb9e4b5b2, type: 3}
      propertyPath: m_LocalScale.z
      value: 1.8292681
      objectReference: {fileID: 0}
    - target: {fileID: -8679921383154817045, guid: fef71a2ace75b634dae0553cb9e4b5b2, type: 3}
      propertyPath: m_LocalPosition.x
      value: 0.56097406
      objectReference: {fileID: 0}
    - target: {fileID: -8679921383154817045, guid: fef71a2ace75b634dae0553cb9e4b5b2, type: 3}
      propertyPath: m_LocalPosition.y
      value: -0.014634132
      objectReference: {fileID: 0}
    - target: {fileID: -8679921383154817045, guid: fef71a2ace75b634dae0553cb9e4b5b2, type: 3}
      propertyPath: m_LocalPosition.z
      value: -0.863
      objectReference: {fileID: 0}
    - target: {fileID: -8679921383154817045, guid: fef71a2ace75b634dae0553cb9e4b5b2, type: 3}
      propertyPath: m_LocalRotation.w
      value: -0.7071068
      objectReference: {fileID: 0}
    - target: {fileID: -8679921383154817045, guid: fef71a2ace75b634dae0553cb9e4b5b2, type: 3}
      propertyPath: m_LocalRotation.x
      value: 0.7071068
      objectReference: {fileID: 0}
    - target: {fileID: -8679921383154817045, guid: fef71a2ace75b634dae0553cb9e4b5b2, type: 3}
      propertyPath: m_LocalRotation.y
      value: -0
      objectReference: {fileID: 0}
    - target: {fileID: -8679921383154817045, guid: fef71a2ace75b634dae0553cb9e4b5b2, type: 3}
      propertyPath: m_LocalRotation.z
      value: 0
      objectReference: {fileID: 0}
    - target: {fileID: -8679921383154817045, guid: fef71a2ace75b634dae0553cb9e4b5b2, type: 3}
      propertyPath: m_LocalEulerAnglesHint.x
      value: -90
      objectReference: {fileID: 0}
    - target: {fileID: -8679921383154817045, guid: fef71a2ace75b634dae0553cb9e4b5b2, type: 3}
      propertyPath: m_LocalEulerAnglesHint.y
      value: 90
      objectReference: {fileID: 0}
    - target: {fileID: -8679921383154817045, guid: fef71a2ace75b634dae0553cb9e4b5b2, type: 3}
      propertyPath: m_LocalEulerAnglesHint.z
      value: 0
      objectReference: {fileID: 0}
    - target: {fileID: -7511558181221131132, guid: fef71a2ace75b634dae0553cb9e4b5b2, type: 3}
      propertyPath: m_Materials.Array.data[0]
      value: 
      objectReference: {fileID: 2100000, guid: 6a8b05629a7e916459271ef2c8203112, type: 2}
    - target: {fileID: 919132149155446097, guid: fef71a2ace75b634dae0553cb9e4b5b2, type: 3}
      propertyPath: m_Name
      value: Disable_Date
      objectReference: {fileID: 0}
    m_RemovedComponents: []
  m_SourcePrefab: {fileID: 100100000, guid: fef71a2ace75b634dae0553cb9e4b5b2, type: 3}
--- !u!1001 &7965567193299726307
PrefabInstance:
  m_ObjectHideFlags: 0
  serializedVersion: 2
  m_Modification:
    m_TransformParent: {fileID: 8496556704923190294}
    m_Modifications:
    - target: {fileID: -8679921383154817045, guid: fef71a2ace75b634dae0553cb9e4b5b2, type: 3}
      propertyPath: m_RootOrder
      value: 2
      objectReference: {fileID: 0}
    - target: {fileID: -8679921383154817045, guid: fef71a2ace75b634dae0553cb9e4b5b2, type: 3}
      propertyPath: m_LocalScale.x
      value: 0.20000003
      objectReference: {fileID: 0}
    - target: {fileID: -8679921383154817045, guid: fef71a2ace75b634dae0553cb9e4b5b2, type: 3}
      propertyPath: m_LocalScale.y
      value: 0.20000002
      objectReference: {fileID: 0}
    - target: {fileID: -8679921383154817045, guid: fef71a2ace75b634dae0553cb9e4b5b2, type: 3}
      propertyPath: m_LocalScale.z
      value: 0.2
      objectReference: {fileID: 0}
    - target: {fileID: -8679921383154817045, guid: fef71a2ace75b634dae0553cb9e4b5b2, type: 3}
      propertyPath: m_LocalPosition.x
      value: 0.0436
      objectReference: {fileID: 0}
    - target: {fileID: -8679921383154817045, guid: fef71a2ace75b634dae0553cb9e4b5b2, type: 3}
      propertyPath: m_LocalPosition.y
      value: -0.0231
      objectReference: {fileID: 0}
    - target: {fileID: -8679921383154817045, guid: fef71a2ace75b634dae0553cb9e4b5b2, type: 3}
      propertyPath: m_LocalPosition.z
      value: -0.0082
      objectReference: {fileID: 0}
    - target: {fileID: -8679921383154817045, guid: fef71a2ace75b634dae0553cb9e4b5b2, type: 3}
      propertyPath: m_LocalRotation.w
      value: -0.098410234
      objectReference: {fileID: 0}
    - target: {fileID: -8679921383154817045, guid: fef71a2ace75b634dae0553cb9e4b5b2, type: 3}
      propertyPath: m_LocalRotation.x
      value: 0.098410234
      objectReference: {fileID: 0}
    - target: {fileID: -8679921383154817045, guid: fef71a2ace75b634dae0553cb9e4b5b2, type: 3}
      propertyPath: m_LocalRotation.y
      value: 0.7002253
      objectReference: {fileID: 0}
    - target: {fileID: -8679921383154817045, guid: fef71a2ace75b634dae0553cb9e4b5b2, type: 3}
      propertyPath: m_LocalRotation.z
      value: 0.7002253
      objectReference: {fileID: 0}
    - target: {fileID: -8679921383154817045, guid: fef71a2ace75b634dae0553cb9e4b5b2, type: 3}
      propertyPath: m_LocalEulerAnglesHint.x
      value: -90
      objectReference: {fileID: 0}
    - target: {fileID: -8679921383154817045, guid: fef71a2ace75b634dae0553cb9e4b5b2, type: 3}
      propertyPath: m_LocalEulerAnglesHint.y
      value: 16
      objectReference: {fileID: 0}
    - target: {fileID: -8679921383154817045, guid: fef71a2ace75b634dae0553cb9e4b5b2, type: 3}
      propertyPath: m_LocalEulerAnglesHint.z
      value: 180
      objectReference: {fileID: 0}
    - target: {fileID: -7511558181221131132, guid: fef71a2ace75b634dae0553cb9e4b5b2, type: 3}
      propertyPath: m_Materials.Array.data[0]
      value: 
      objectReference: {fileID: 2100000, guid: dded6957b6eb3db448046932760f9e06, type: 2}
    - target: {fileID: 919132149155446097, guid: fef71a2ace75b634dae0553cb9e4b5b2, type: 3}
      propertyPath: m_Name
      value: Interact_Date_1
      objectReference: {fileID: 0}
    - target: {fileID: 919132149155446097, guid: fef71a2ace75b634dae0553cb9e4b5b2, type: 3}
      propertyPath: m_TagString
      value: Untagged
      objectReference: {fileID: 0}
    m_RemovedComponents: []
  m_SourcePrefab: {fileID: 100100000, guid: fef71a2ace75b634dae0553cb9e4b5b2, type: 3}
--- !u!4 &7566566712059873288 stripped
Transform:
  m_CorrespondingSourceObject: {fileID: -8679921383154817045, guid: fef71a2ace75b634dae0553cb9e4b5b2, type: 3}
  m_PrefabInstance: {fileID: 7965567193299726307}
  m_PrefabAsset: {fileID: 0}
--- !u!1001 &8646962775051380128
PrefabInstance:
  m_ObjectHideFlags: 0
  serializedVersion: 2
  m_Modification:
    m_TransformParent: {fileID: 6548464461538859962}
    m_Modifications:
    - target: {fileID: 1000012237205286, guid: 2d5e7104d4c9e6745a2ddcbf404baaef, type: 3}
      propertyPath: m_Name
      value: Riko
      objectReference: {fileID: 0}
    - target: {fileID: 4000013366157744, guid: 2d5e7104d4c9e6745a2ddcbf404baaef, type: 3}
      propertyPath: m_RootOrder
      value: 0
      objectReference: {fileID: 0}
    - target: {fileID: 4000013366157744, guid: 2d5e7104d4c9e6745a2ddcbf404baaef, type: 3}
      propertyPath: m_LocalScale.x
      value: 1.5
      objectReference: {fileID: 0}
    - target: {fileID: 4000013366157744, guid: 2d5e7104d4c9e6745a2ddcbf404baaef, type: 3}
      propertyPath: m_LocalScale.y
      value: 1.5
      objectReference: {fileID: 0}
    - target: {fileID: 4000013366157744, guid: 2d5e7104d4c9e6745a2ddcbf404baaef, type: 3}
      propertyPath: m_LocalScale.z
      value: 1.5
      objectReference: {fileID: 0}
    - target: {fileID: 4000013366157744, guid: 2d5e7104d4c9e6745a2ddcbf404baaef, type: 3}
      propertyPath: m_LocalPosition.x
      value: 6.09
      objectReference: {fileID: 0}
    - target: {fileID: 4000013366157744, guid: 2d5e7104d4c9e6745a2ddcbf404baaef, type: 3}
      propertyPath: m_LocalPosition.y
      value: 0
      objectReference: {fileID: 0}
    - target: {fileID: 4000013366157744, guid: 2d5e7104d4c9e6745a2ddcbf404baaef, type: 3}
      propertyPath: m_LocalPosition.z
      value: -0.20999527
      objectReference: {fileID: 0}
    - target: {fileID: 4000013366157744, guid: 2d5e7104d4c9e6745a2ddcbf404baaef, type: 3}
      propertyPath: m_LocalRotation.w
      value: 0.917217
      objectReference: {fileID: 0}
    - target: {fileID: 4000013366157744, guid: 2d5e7104d4c9e6745a2ddcbf404baaef, type: 3}
      propertyPath: m_LocalRotation.x
      value: -0
      objectReference: {fileID: 0}
    - target: {fileID: 4000013366157744, guid: 2d5e7104d4c9e6745a2ddcbf404baaef, type: 3}
      propertyPath: m_LocalRotation.y
      value: -0.39838797
      objectReference: {fileID: 0}
    - target: {fileID: 4000013366157744, guid: 2d5e7104d4c9e6745a2ddcbf404baaef, type: 3}
      propertyPath: m_LocalRotation.z
      value: -0
      objectReference: {fileID: 0}
    - target: {fileID: 4000013366157744, guid: 2d5e7104d4c9e6745a2ddcbf404baaef, type: 3}
      propertyPath: m_LocalEulerAnglesHint.x
      value: 0
      objectReference: {fileID: 0}
    - target: {fileID: 4000013366157744, guid: 2d5e7104d4c9e6745a2ddcbf404baaef, type: 3}
      propertyPath: m_LocalEulerAnglesHint.y
      value: -46.955
      objectReference: {fileID: 0}
    - target: {fileID: 4000013366157744, guid: 2d5e7104d4c9e6745a2ddcbf404baaef, type: 3}
      propertyPath: m_LocalEulerAnglesHint.z
      value: 0
      objectReference: {fileID: 0}
    - target: {fileID: 95000010348181526, guid: 2d5e7104d4c9e6745a2ddcbf404baaef, type: 3}
      propertyPath: m_Controller
      value: 
      objectReference: {fileID: 9100000, guid: a678c7a1684aabc4f8807949d52dadcc, type: 2}
    - target: {fileID: 137000010751689580, guid: 2d5e7104d4c9e6745a2ddcbf404baaef, type: 3}
      propertyPath: m_Enabled
      value: 1
      objectReference: {fileID: 0}
    - target: {fileID: 137000012644765448, guid: 2d5e7104d4c9e6745a2ddcbf404baaef, type: 3}
      propertyPath: m_Enabled
      value: 1
      objectReference: {fileID: 0}
    m_RemovedComponents:
    - {fileID: 54000011454881256, guid: 2d5e7104d4c9e6745a2ddcbf404baaef, type: 3}
  m_SourcePrefab: {fileID: 100100000, guid: 2d5e7104d4c9e6745a2ddcbf404baaef, type: 3}
--- !u!4 &8650881798194054160 stripped
Transform:
  m_CorrespondingSourceObject: {fileID: 4000013366157744, guid: 2d5e7104d4c9e6745a2ddcbf404baaef, type: 3}
  m_PrefabInstance: {fileID: 8646962775051380128}
  m_PrefabAsset: {fileID: 0}
--- !u!1001 &8656970071957216172
PrefabInstance:
  m_ObjectHideFlags: 0
  serializedVersion: 2
  m_Modification:
    m_TransformParent: {fileID: 6548464461538859962}
    m_Modifications:
    - target: {fileID: 371773529361819119, guid: 6cd2f3949e7196842ba62c15ac608195, type: 3}
      propertyPath: m_IsActive
      value: 0
      objectReference: {fileID: 0}
    - target: {fileID: 371773530049164776, guid: 6cd2f3949e7196842ba62c15ac608195, type: 3}
      propertyPath: m_Enabled
      value: 0
      objectReference: {fileID: 0}
    - target: {fileID: 371773530049164777, guid: 6cd2f3949e7196842ba62c15ac608195, type: 3}
      propertyPath: m_Enabled
      value: 0
      objectReference: {fileID: 0}
    - target: {fileID: 371773530049164778, guid: 6cd2f3949e7196842ba62c15ac608195, type: 3}
      propertyPath: m_Name
      value: Yong
      objectReference: {fileID: 0}
    - target: {fileID: 371773530049164780, guid: 6cd2f3949e7196842ba62c15ac608195, type: 3}
      propertyPath: m_RootOrder
      value: 1
      objectReference: {fileID: 0}
    - target: {fileID: 371773530049164780, guid: 6cd2f3949e7196842ba62c15ac608195, type: 3}
      propertyPath: m_LocalScale.x
      value: 1.5
      objectReference: {fileID: 0}
    - target: {fileID: 371773530049164780, guid: 6cd2f3949e7196842ba62c15ac608195, type: 3}
      propertyPath: m_LocalScale.y
      value: 1.5
      objectReference: {fileID: 0}
    - target: {fileID: 371773530049164780, guid: 6cd2f3949e7196842ba62c15ac608195, type: 3}
      propertyPath: m_LocalScale.z
      value: 1.5
      objectReference: {fileID: 0}
    - target: {fileID: 371773530049164780, guid: 6cd2f3949e7196842ba62c15ac608195, type: 3}
      propertyPath: m_LocalPosition.x
      value: 6.2
      objectReference: {fileID: 0}
    - target: {fileID: 371773530049164780, guid: 6cd2f3949e7196842ba62c15ac608195, type: 3}
      propertyPath: m_LocalPosition.y
      value: 0
      objectReference: {fileID: 0}
    - target: {fileID: 371773530049164780, guid: 6cd2f3949e7196842ba62c15ac608195, type: 3}
      propertyPath: m_LocalPosition.z
      value: 0.30999374
      objectReference: {fileID: 0}
    - target: {fileID: 371773530049164780, guid: 6cd2f3949e7196842ba62c15ac608195, type: 3}
      propertyPath: m_LocalRotation.w
      value: 0.49999994
      objectReference: {fileID: 0}
    - target: {fileID: 371773530049164780, guid: 6cd2f3949e7196842ba62c15ac608195, type: 3}
      propertyPath: m_LocalRotation.x
      value: -0
      objectReference: {fileID: 0}
    - target: {fileID: 371773530049164780, guid: 6cd2f3949e7196842ba62c15ac608195, type: 3}
      propertyPath: m_LocalRotation.y
      value: -0.86602545
      objectReference: {fileID: 0}
    - target: {fileID: 371773530049164780, guid: 6cd2f3949e7196842ba62c15ac608195, type: 3}
      propertyPath: m_LocalRotation.z
      value: -0
      objectReference: {fileID: 0}
    - target: {fileID: 371773530049164780, guid: 6cd2f3949e7196842ba62c15ac608195, type: 3}
      propertyPath: m_LocalEulerAnglesHint.x
      value: 0
      objectReference: {fileID: 0}
    - target: {fileID: 371773530049164780, guid: 6cd2f3949e7196842ba62c15ac608195, type: 3}
      propertyPath: m_LocalEulerAnglesHint.y
      value: -120
      objectReference: {fileID: 0}
    - target: {fileID: 371773530049164780, guid: 6cd2f3949e7196842ba62c15ac608195, type: 3}
      propertyPath: m_LocalEulerAnglesHint.z
      value: 0
      objectReference: {fileID: 0}
    m_RemovedComponents:
    - {fileID: 371773530049164782, guid: 6cd2f3949e7196842ba62c15ac608195, type: 3}
  m_SourcePrefab: {fileID: 100100000, guid: 6cd2f3949e7196842ba62c15ac608195, type: 3}
--- !u!4 &9010421269300751936 stripped
Transform:
  m_CorrespondingSourceObject: {fileID: 371773530049164780, guid: 6cd2f3949e7196842ba62c15ac608195, type: 3}
  m_PrefabInstance: {fileID: 8656970071957216172}
  m_PrefabAsset: {fileID: 0}
