%YAML 1.1
%TAG !u! tag:unity3d.com,2011:
--- !u!1 &1545115460003963470
GameObject:
  m_ObjectHideFlags: 0
  m_CorrespondingSourceObject: {fileID: 0}
  m_PrefabInstance: {fileID: 0}
  m_PrefabAsset: {fileID: 0}
  serializedVersion: 6
  m_Component:
  - component: {fileID: 2332347100111079593}
  m_Layer: 0
  m_Name: Stage_Teenager_All
  m_TagString: Untagged
  m_Icon: {fileID: 0}
  m_NavMeshLayer: 0
  m_StaticEditorFlags: 0
  m_IsActive: 1
--- !u!4 &2332347100111079593
Transform:
  m_ObjectHideFlags: 0
  m_CorrespondingSourceObject: {fileID: 0}
  m_PrefabInstance: {fileID: 0}
  m_PrefabAsset: {fileID: 0}
  m_GameObject: {fileID: 1545115460003963470}
  m_LocalRotation: {x: 0, y: 0, z: 0, w: 1}
  m_LocalPosition: {x: 0, y: 0, z: 0}
  m_LocalScale: {x: 1, y: 1, z: 1}
  m_Children:
  - {fileID: 7483057136519732152}
  - {fileID: 8150174260259822888}
  - {fileID: 3131425696756714126}
  - {fileID: 3733096487919909123}
  - {fileID: 404806025517397405}
  - {fileID: 2467251952870158660}
  - {fileID: 6247213126700062622}
  - {fileID: 19356323541564433}
  - {fileID: 1907952638613252179}
  - {fileID: 5955850249261252411}
  - {fileID: 6917346884609517950}
  - {fileID: 8131400304365727500}
  - {fileID: 1520463220035522255}
  - {fileID: 310063656153762751}
  - {fileID: 7282086320290226304}
  - {fileID: 7793414584321240760}
  - {fileID: 7871475955391288351}
  - {fileID: 7889693724596741262}
  m_Father: {fileID: 0}
  m_RootOrder: 0
  m_LocalEulerAnglesHint: {x: 0, y: 0, z: 0}
--- !u!1001 &68828173927744431
PrefabInstance:
  m_ObjectHideFlags: 0
  serializedVersion: 2
  m_Modification:
    m_TransformParent: {fileID: 2332347100111079593}
    m_Modifications:
    - target: {fileID: 5932341195884985492, guid: 0a7e4ee2350b9dd4e85a0feb50701414, type: 3}
      propertyPath: m_RootOrder
      value: 9
      objectReference: {fileID: 0}
    - target: {fileID: 5932341195884985492, guid: 0a7e4ee2350b9dd4e85a0feb50701414, type: 3}
      propertyPath: m_LocalPosition.x
      value: 0
      objectReference: {fileID: 0}
    - target: {fileID: 5932341195884985492, guid: 0a7e4ee2350b9dd4e85a0feb50701414, type: 3}
      propertyPath: m_LocalPosition.y
      value: 0
      objectReference: {fileID: 0}
    - target: {fileID: 5932341195884985492, guid: 0a7e4ee2350b9dd4e85a0feb50701414, type: 3}
      propertyPath: m_LocalPosition.z
      value: 450
      objectReference: {fileID: 0}
    - target: {fileID: 5932341195884985492, guid: 0a7e4ee2350b9dd4e85a0feb50701414, type: 3}
      propertyPath: m_LocalRotation.w
      value: 1
      objectReference: {fileID: 0}
    - target: {fileID: 5932341195884985492, guid: 0a7e4ee2350b9dd4e85a0feb50701414, type: 3}
      propertyPath: m_LocalRotation.x
      value: -0
      objectReference: {fileID: 0}
    - target: {fileID: 5932341195884985492, guid: 0a7e4ee2350b9dd4e85a0feb50701414, type: 3}
      propertyPath: m_LocalRotation.y
      value: -0
      objectReference: {fileID: 0}
    - target: {fileID: 5932341195884985492, guid: 0a7e4ee2350b9dd4e85a0feb50701414, type: 3}
      propertyPath: m_LocalRotation.z
      value: -0
      objectReference: {fileID: 0}
    - target: {fileID: 5932341195884985492, guid: 0a7e4ee2350b9dd4e85a0feb50701414, type: 3}
      propertyPath: m_LocalEulerAnglesHint.x
      value: 0
      objectReference: {fileID: 0}
    - target: {fileID: 5932341195884985492, guid: 0a7e4ee2350b9dd4e85a0feb50701414, type: 3}
      propertyPath: m_LocalEulerAnglesHint.y
      value: 0
      objectReference: {fileID: 0}
    - target: {fileID: 5932341195884985492, guid: 0a7e4ee2350b9dd4e85a0feb50701414, type: 3}
      propertyPath: m_LocalEulerAnglesHint.z
      value: 0
      objectReference: {fileID: 0}
    - target: {fileID: 5932341195884985495, guid: 0a7e4ee2350b9dd4e85a0feb50701414, type: 3}
      propertyPath: m_Name
      value: Stage_Teenager_9
      objectReference: {fileID: 0}
    - target: {fileID: 7217583028501543296, guid: 0a7e4ee2350b9dd4e85a0feb50701414, type: 3}
      propertyPath: m_Materials.Array.data[0]
      value: 
      objectReference: {fileID: 2100000, guid: 679537eec1007c34fbdb5814b248cc47, type: 2}
    m_RemovedComponents: []
  m_SourcePrefab: {fileID: 100100000, guid: 0a7e4ee2350b9dd4e85a0feb50701414, type: 3}
--- !u!4 &5955850249261252411 stripped
Transform:
  m_CorrespondingSourceObject: {fileID: 5932341195884985492, guid: 0a7e4ee2350b9dd4e85a0feb50701414, type: 3}
  m_PrefabInstance: {fileID: 68828173927744431}
  m_PrefabAsset: {fileID: 0}
--- !u!1001 &351676450538957578
PrefabInstance:
  m_ObjectHideFlags: 0
  serializedVersion: 2
  m_Modification:
    m_TransformParent: {fileID: 2332347100111079593}
    m_Modifications:
    - target: {fileID: 5932341195884985492, guid: 0a7e4ee2350b9dd4e85a0feb50701414, type: 3}
      propertyPath: m_RootOrder
      value: 6
      objectReference: {fileID: 0}
    - target: {fileID: 5932341195884985492, guid: 0a7e4ee2350b9dd4e85a0feb50701414, type: 3}
      propertyPath: m_LocalPosition.x
      value: 0
      objectReference: {fileID: 0}
    - target: {fileID: 5932341195884985492, guid: 0a7e4ee2350b9dd4e85a0feb50701414, type: 3}
      propertyPath: m_LocalPosition.y
      value: 0
      objectReference: {fileID: 0}
    - target: {fileID: 5932341195884985492, guid: 0a7e4ee2350b9dd4e85a0feb50701414, type: 3}
      propertyPath: m_LocalPosition.z
      value: 300
      objectReference: {fileID: 0}
    - target: {fileID: 5932341195884985492, guid: 0a7e4ee2350b9dd4e85a0feb50701414, type: 3}
      propertyPath: m_LocalRotation.w
      value: 1
      objectReference: {fileID: 0}
    - target: {fileID: 5932341195884985492, guid: 0a7e4ee2350b9dd4e85a0feb50701414, type: 3}
      propertyPath: m_LocalRotation.x
      value: -0
      objectReference: {fileID: 0}
    - target: {fileID: 5932341195884985492, guid: 0a7e4ee2350b9dd4e85a0feb50701414, type: 3}
      propertyPath: m_LocalRotation.y
      value: -0
      objectReference: {fileID: 0}
    - target: {fileID: 5932341195884985492, guid: 0a7e4ee2350b9dd4e85a0feb50701414, type: 3}
      propertyPath: m_LocalRotation.z
      value: -0
      objectReference: {fileID: 0}
    - target: {fileID: 5932341195884985492, guid: 0a7e4ee2350b9dd4e85a0feb50701414, type: 3}
      propertyPath: m_LocalEulerAnglesHint.x
      value: 0
      objectReference: {fileID: 0}
    - target: {fileID: 5932341195884985492, guid: 0a7e4ee2350b9dd4e85a0feb50701414, type: 3}
      propertyPath: m_LocalEulerAnglesHint.y
      value: 0
      objectReference: {fileID: 0}
    - target: {fileID: 5932341195884985492, guid: 0a7e4ee2350b9dd4e85a0feb50701414, type: 3}
      propertyPath: m_LocalEulerAnglesHint.z
      value: 0
      objectReference: {fileID: 0}
    - target: {fileID: 5932341195884985495, guid: 0a7e4ee2350b9dd4e85a0feb50701414, type: 3}
      propertyPath: m_Name
      value: Stage_Teenager_6
      objectReference: {fileID: 0}
    - target: {fileID: 7217583028501543296, guid: 0a7e4ee2350b9dd4e85a0feb50701414, type: 3}
      propertyPath: m_Materials.Array.data[0]
      value: 
      objectReference: {fileID: 2100000, guid: 679537eec1007c34fbdb5814b248cc47, type: 2}
    m_RemovedComponents: []
  m_SourcePrefab: {fileID: 100100000, guid: 0a7e4ee2350b9dd4e85a0feb50701414, type: 3}
--- !u!4 &6247213126700062622 stripped
Transform:
  m_CorrespondingSourceObject: {fileID: 5932341195884985492, guid: 0a7e4ee2350b9dd4e85a0feb50701414, type: 3}
  m_PrefabInstance: {fileID: 351676450538957578}
  m_PrefabAsset: {fileID: 0}
--- !u!1001 &985358906906498538
PrefabInstance:
  m_ObjectHideFlags: 0
  serializedVersion: 2
  m_Modification:
    m_TransformParent: {fileID: 2332347100111079593}
    m_Modifications:
    - target: {fileID: 5932341195884985492, guid: 0a7e4ee2350b9dd4e85a0feb50701414, type: 3}
      propertyPath: m_RootOrder
      value: 10
      objectReference: {fileID: 0}
    - target: {fileID: 5932341195884985492, guid: 0a7e4ee2350b9dd4e85a0feb50701414, type: 3}
      propertyPath: m_LocalPosition.x
      value: 0
      objectReference: {fileID: 0}
    - target: {fileID: 5932341195884985492, guid: 0a7e4ee2350b9dd4e85a0feb50701414, type: 3}
      propertyPath: m_LocalPosition.y
      value: 0
      objectReference: {fileID: 0}
    - target: {fileID: 5932341195884985492, guid: 0a7e4ee2350b9dd4e85a0feb50701414, type: 3}
      propertyPath: m_LocalPosition.z
      value: 500
      objectReference: {fileID: 0}
    - target: {fileID: 5932341195884985492, guid: 0a7e4ee2350b9dd4e85a0feb50701414, type: 3}
      propertyPath: m_LocalRotation.w
      value: 1
      objectReference: {fileID: 0}
    - target: {fileID: 5932341195884985492, guid: 0a7e4ee2350b9dd4e85a0feb50701414, type: 3}
      propertyPath: m_LocalRotation.x
      value: -0
      objectReference: {fileID: 0}
    - target: {fileID: 5932341195884985492, guid: 0a7e4ee2350b9dd4e85a0feb50701414, type: 3}
      propertyPath: m_LocalRotation.y
      value: -0
      objectReference: {fileID: 0}
    - target: {fileID: 5932341195884985492, guid: 0a7e4ee2350b9dd4e85a0feb50701414, type: 3}
      propertyPath: m_LocalRotation.z
      value: -0
      objectReference: {fileID: 0}
    - target: {fileID: 5932341195884985492, guid: 0a7e4ee2350b9dd4e85a0feb50701414, type: 3}
      propertyPath: m_LocalEulerAnglesHint.x
      value: 0
      objectReference: {fileID: 0}
    - target: {fileID: 5932341195884985492, guid: 0a7e4ee2350b9dd4e85a0feb50701414, type: 3}
      propertyPath: m_LocalEulerAnglesHint.y
      value: 0
      objectReference: {fileID: 0}
    - target: {fileID: 5932341195884985492, guid: 0a7e4ee2350b9dd4e85a0feb50701414, type: 3}
      propertyPath: m_LocalEulerAnglesHint.z
      value: 0
      objectReference: {fileID: 0}
    - target: {fileID: 5932341195884985495, guid: 0a7e4ee2350b9dd4e85a0feb50701414, type: 3}
      propertyPath: m_Name
      value: Stage_Teenager_10
      objectReference: {fileID: 0}
    - target: {fileID: 7217583028501543296, guid: 0a7e4ee2350b9dd4e85a0feb50701414, type: 3}
      propertyPath: m_Materials.Array.data[0]
      value: 
      objectReference: {fileID: 2100000, guid: 679537eec1007c34fbdb5814b248cc47, type: 2}
    m_RemovedComponents: []
  m_SourcePrefab: {fileID: 100100000, guid: 0a7e4ee2350b9dd4e85a0feb50701414, type: 3}
--- !u!4 &6917346884609517950 stripped
Transform:
  m_CorrespondingSourceObject: {fileID: 5932341195884985492, guid: 0a7e4ee2350b9dd4e85a0feb50701414, type: 3}
  m_PrefabInstance: {fileID: 985358906906498538}
  m_PrefabAsset: {fileID: 0}
--- !u!1001 &2489190548927878040
PrefabInstance:
  m_ObjectHideFlags: 0
  serializedVersion: 2
  m_Modification:
    m_TransformParent: {fileID: 2332347100111079593}
    m_Modifications:
    - target: {fileID: 5932341195884985492, guid: 0a7e4ee2350b9dd4e85a0feb50701414, type: 3}
      propertyPath: m_RootOrder
      value: 11
      objectReference: {fileID: 0}
    - target: {fileID: 5932341195884985492, guid: 0a7e4ee2350b9dd4e85a0feb50701414, type: 3}
      propertyPath: m_LocalPosition.x
      value: 0
      objectReference: {fileID: 0}
    - target: {fileID: 5932341195884985492, guid: 0a7e4ee2350b9dd4e85a0feb50701414, type: 3}
      propertyPath: m_LocalPosition.y
      value: 0
      objectReference: {fileID: 0}
    - target: {fileID: 5932341195884985492, guid: 0a7e4ee2350b9dd4e85a0feb50701414, type: 3}
      propertyPath: m_LocalPosition.z
      value: 550
      objectReference: {fileID: 0}
    - target: {fileID: 5932341195884985492, guid: 0a7e4ee2350b9dd4e85a0feb50701414, type: 3}
      propertyPath: m_LocalRotation.w
      value: 1
      objectReference: {fileID: 0}
    - target: {fileID: 5932341195884985492, guid: 0a7e4ee2350b9dd4e85a0feb50701414, type: 3}
      propertyPath: m_LocalRotation.x
      value: -0
      objectReference: {fileID: 0}
    - target: {fileID: 5932341195884985492, guid: 0a7e4ee2350b9dd4e85a0feb50701414, type: 3}
      propertyPath: m_LocalRotation.y
      value: -0
      objectReference: {fileID: 0}
    - target: {fileID: 5932341195884985492, guid: 0a7e4ee2350b9dd4e85a0feb50701414, type: 3}
      propertyPath: m_LocalRotation.z
      value: -0
      objectReference: {fileID: 0}
    - target: {fileID: 5932341195884985492, guid: 0a7e4ee2350b9dd4e85a0feb50701414, type: 3}
      propertyPath: m_LocalEulerAnglesHint.x
      value: 0
      objectReference: {fileID: 0}
    - target: {fileID: 5932341195884985492, guid: 0a7e4ee2350b9dd4e85a0feb50701414, type: 3}
      propertyPath: m_LocalEulerAnglesHint.y
      value: 0
      objectReference: {fileID: 0}
    - target: {fileID: 5932341195884985492, guid: 0a7e4ee2350b9dd4e85a0feb50701414, type: 3}
      propertyPath: m_LocalEulerAnglesHint.z
      value: 0
      objectReference: {fileID: 0}
    - target: {fileID: 5932341195884985495, guid: 0a7e4ee2350b9dd4e85a0feb50701414, type: 3}
      propertyPath: m_Name
      value: Stage_Teenager_11
      objectReference: {fileID: 0}
    - target: {fileID: 7217583028501543296, guid: 0a7e4ee2350b9dd4e85a0feb50701414, type: 3}
      propertyPath: m_Materials.Array.data[0]
      value: 
      objectReference: {fileID: 2100000, guid: 679537eec1007c34fbdb5814b248cc47, type: 2}
    m_RemovedComponents: []
  m_SourcePrefab: {fileID: 100100000, guid: 0a7e4ee2350b9dd4e85a0feb50701414, type: 3}
--- !u!4 &8131400304365727500 stripped
Transform:
  m_CorrespondingSourceObject: {fileID: 5932341195884985492, guid: 0a7e4ee2350b9dd4e85a0feb50701414, type: 3}
  m_PrefabInstance: {fileID: 2489190548927878040}
  m_PrefabAsset: {fileID: 0}
--- !u!1001 &2542515833095217596
PrefabInstance:
  m_ObjectHideFlags: 0
  serializedVersion: 2
  m_Modification:
    m_TransformParent: {fileID: 2332347100111079593}
    m_Modifications:
    - target: {fileID: 5932341195884985492, guid: 0a7e4ee2350b9dd4e85a0feb50701414, type: 3}
      propertyPath: m_RootOrder
      value: 1
      objectReference: {fileID: 0}
    - target: {fileID: 5932341195884985492, guid: 0a7e4ee2350b9dd4e85a0feb50701414, type: 3}
      propertyPath: m_LocalPosition.x
      value: 0
      objectReference: {fileID: 0}
    - target: {fileID: 5932341195884985492, guid: 0a7e4ee2350b9dd4e85a0feb50701414, type: 3}
      propertyPath: m_LocalPosition.y
      value: 0
      objectReference: {fileID: 0}
    - target: {fileID: 5932341195884985492, guid: 0a7e4ee2350b9dd4e85a0feb50701414, type: 3}
      propertyPath: m_LocalPosition.z
      value: 50
      objectReference: {fileID: 0}
    - target: {fileID: 5932341195884985492, guid: 0a7e4ee2350b9dd4e85a0feb50701414, type: 3}
      propertyPath: m_LocalRotation.w
      value: 1
      objectReference: {fileID: 0}
    - target: {fileID: 5932341195884985492, guid: 0a7e4ee2350b9dd4e85a0feb50701414, type: 3}
      propertyPath: m_LocalRotation.x
      value: -0
      objectReference: {fileID: 0}
    - target: {fileID: 5932341195884985492, guid: 0a7e4ee2350b9dd4e85a0feb50701414, type: 3}
      propertyPath: m_LocalRotation.y
      value: -0
      objectReference: {fileID: 0}
    - target: {fileID: 5932341195884985492, guid: 0a7e4ee2350b9dd4e85a0feb50701414, type: 3}
      propertyPath: m_LocalRotation.z
      value: -0
      objectReference: {fileID: 0}
    - target: {fileID: 5932341195884985492, guid: 0a7e4ee2350b9dd4e85a0feb50701414, type: 3}
      propertyPath: m_LocalEulerAnglesHint.x
      value: 0
      objectReference: {fileID: 0}
    - target: {fileID: 5932341195884985492, guid: 0a7e4ee2350b9dd4e85a0feb50701414, type: 3}
      propertyPath: m_LocalEulerAnglesHint.y
      value: 0
      objectReference: {fileID: 0}
    - target: {fileID: 5932341195884985492, guid: 0a7e4ee2350b9dd4e85a0feb50701414, type: 3}
      propertyPath: m_LocalEulerAnglesHint.z
      value: 0
      objectReference: {fileID: 0}
    - target: {fileID: 5932341195884985495, guid: 0a7e4ee2350b9dd4e85a0feb50701414, type: 3}
      propertyPath: m_Name
      value: Stage_Teenager_1
      objectReference: {fileID: 0}
    - target: {fileID: 7217583028501543296, guid: 0a7e4ee2350b9dd4e85a0feb50701414, type: 3}
      propertyPath: m_Materials.Array.data[0]
      value: 
      objectReference: {fileID: 2100000, guid: 679537eec1007c34fbdb5814b248cc47, type: 2}
    m_RemovedComponents: []
  m_SourcePrefab: {fileID: 100100000, guid: 0a7e4ee2350b9dd4e85a0feb50701414, type: 3}
--- !u!4 &8150174260259822888 stripped
Transform:
  m_CorrespondingSourceObject: {fileID: 5932341195884985492, guid: 0a7e4ee2350b9dd4e85a0feb50701414, type: 3}
  m_PrefabInstance: {fileID: 2542515833095217596}
  m_PrefabAsset: {fileID: 0}
--- !u!1001 &3858107354379069228
PrefabInstance:
  m_ObjectHideFlags: 0
  serializedVersion: 2
  m_Modification:
    m_TransformParent: {fileID: 2332347100111079593}
    m_Modifications:
    - target: {fileID: 5932341195884985492, guid: 0a7e4ee2350b9dd4e85a0feb50701414, type: 3}
      propertyPath: m_RootOrder
      value: 0
      objectReference: {fileID: 0}
    - target: {fileID: 5932341195884985492, guid: 0a7e4ee2350b9dd4e85a0feb50701414, type: 3}
      propertyPath: m_LocalPosition.x
      value: 0
      objectReference: {fileID: 0}
    - target: {fileID: 5932341195884985492, guid: 0a7e4ee2350b9dd4e85a0feb50701414, type: 3}
      propertyPath: m_LocalPosition.y
      value: 0
      objectReference: {fileID: 0}
    - target: {fileID: 5932341195884985492, guid: 0a7e4ee2350b9dd4e85a0feb50701414, type: 3}
      propertyPath: m_LocalPosition.z
      value: 0
      objectReference: {fileID: 0}
    - target: {fileID: 5932341195884985492, guid: 0a7e4ee2350b9dd4e85a0feb50701414, type: 3}
      propertyPath: m_LocalRotation.w
      value: 1
      objectReference: {fileID: 0}
    - target: {fileID: 5932341195884985492, guid: 0a7e4ee2350b9dd4e85a0feb50701414, type: 3}
      propertyPath: m_LocalRotation.x
      value: -0
      objectReference: {fileID: 0}
    - target: {fileID: 5932341195884985492, guid: 0a7e4ee2350b9dd4e85a0feb50701414, type: 3}
      propertyPath: m_LocalRotation.y
      value: -0
      objectReference: {fileID: 0}
    - target: {fileID: 5932341195884985492, guid: 0a7e4ee2350b9dd4e85a0feb50701414, type: 3}
      propertyPath: m_LocalRotation.z
      value: -0
      objectReference: {fileID: 0}
    - target: {fileID: 5932341195884985492, guid: 0a7e4ee2350b9dd4e85a0feb50701414, type: 3}
      propertyPath: m_LocalEulerAnglesHint.x
      value: 0
      objectReference: {fileID: 0}
    - target: {fileID: 5932341195884985492, guid: 0a7e4ee2350b9dd4e85a0feb50701414, type: 3}
      propertyPath: m_LocalEulerAnglesHint.y
      value: 0
      objectReference: {fileID: 0}
    - target: {fileID: 5932341195884985492, guid: 0a7e4ee2350b9dd4e85a0feb50701414, type: 3}
      propertyPath: m_LocalEulerAnglesHint.z
      value: 0
      objectReference: {fileID: 0}
    - target: {fileID: 5932341195884985495, guid: 0a7e4ee2350b9dd4e85a0feb50701414, type: 3}
      propertyPath: m_Name
      value: Stage_Teenager
      objectReference: {fileID: 0}
    - target: {fileID: 7217583028501543296, guid: 0a7e4ee2350b9dd4e85a0feb50701414, type: 3}
      propertyPath: m_Materials.Array.data[0]
      value: 
      objectReference: {fileID: 2100000, guid: 679537eec1007c34fbdb5814b248cc47, type: 2}
    m_RemovedComponents: []
  m_SourcePrefab: {fileID: 100100000, guid: 0a7e4ee2350b9dd4e85a0feb50701414, type: 3}
--- !u!4 &7483057136519732152 stripped
Transform:
  m_CorrespondingSourceObject: {fileID: 5932341195884985492, guid: 0a7e4ee2350b9dd4e85a0feb50701414, type: 3}
  m_PrefabInstance: {fileID: 3858107354379069228}
  m_PrefabAsset: {fileID: 0}
--- !u!1001 &3989276735790291988
PrefabInstance:
  m_ObjectHideFlags: 0
  serializedVersion: 2
  m_Modification:
    m_TransformParent: {fileID: 2332347100111079593}
    m_Modifications:
    - target: {fileID: 5932341195884985492, guid: 0a7e4ee2350b9dd4e85a0feb50701414, type: 3}
      propertyPath: m_RootOrder
      value: 14
      objectReference: {fileID: 0}
    - target: {fileID: 5932341195884985492, guid: 0a7e4ee2350b9dd4e85a0feb50701414, type: 3}
      propertyPath: m_LocalPosition.x
      value: 0
      objectReference: {fileID: 0}
    - target: {fileID: 5932341195884985492, guid: 0a7e4ee2350b9dd4e85a0feb50701414, type: 3}
      propertyPath: m_LocalPosition.y
      value: 0
      objectReference: {fileID: 0}
    - target: {fileID: 5932341195884985492, guid: 0a7e4ee2350b9dd4e85a0feb50701414, type: 3}
      propertyPath: m_LocalPosition.z
      value: 700
      objectReference: {fileID: 0}
    - target: {fileID: 5932341195884985492, guid: 0a7e4ee2350b9dd4e85a0feb50701414, type: 3}
      propertyPath: m_LocalRotation.w
      value: 1
      objectReference: {fileID: 0}
    - target: {fileID: 5932341195884985492, guid: 0a7e4ee2350b9dd4e85a0feb50701414, type: 3}
      propertyPath: m_LocalRotation.x
      value: -0
      objectReference: {fileID: 0}
    - target: {fileID: 5932341195884985492, guid: 0a7e4ee2350b9dd4e85a0feb50701414, type: 3}
      propertyPath: m_LocalRotation.y
      value: -0
      objectReference: {fileID: 0}
    - target: {fileID: 5932341195884985492, guid: 0a7e4ee2350b9dd4e85a0feb50701414, type: 3}
      propertyPath: m_LocalRotation.z
      value: -0
      objectReference: {fileID: 0}
    - target: {fileID: 5932341195884985492, guid: 0a7e4ee2350b9dd4e85a0feb50701414, type: 3}
      propertyPath: m_LocalEulerAnglesHint.x
      value: 0
      objectReference: {fileID: 0}
    - target: {fileID: 5932341195884985492, guid: 0a7e4ee2350b9dd4e85a0feb50701414, type: 3}
      propertyPath: m_LocalEulerAnglesHint.y
      value: 0
      objectReference: {fileID: 0}
    - target: {fileID: 5932341195884985492, guid: 0a7e4ee2350b9dd4e85a0feb50701414, type: 3}
      propertyPath: m_LocalEulerAnglesHint.z
      value: 0
      objectReference: {fileID: 0}
    - target: {fileID: 5932341195884985495, guid: 0a7e4ee2350b9dd4e85a0feb50701414, type: 3}
      propertyPath: m_Name
      value: Stage_Teenager_14
      objectReference: {fileID: 0}
    - target: {fileID: 7217583028501543296, guid: 0a7e4ee2350b9dd4e85a0feb50701414, type: 3}
      propertyPath: m_Materials.Array.data[0]
      value: 
      objectReference: {fileID: 2100000, guid: 679537eec1007c34fbdb5814b248cc47, type: 2}
    m_RemovedComponents: []
  m_SourcePrefab: {fileID: 100100000, guid: 0a7e4ee2350b9dd4e85a0feb50701414, type: 3}
--- !u!4 &7282086320290226304 stripped
Transform:
  m_CorrespondingSourceObject: {fileID: 5932341195884985492, guid: 0a7e4ee2350b9dd4e85a0feb50701414, type: 3}
  m_PrefabInstance: {fileID: 3989276735790291988}
  m_PrefabAsset: {fileID: 0}
--- !u!1001 &4500272122646696492
PrefabInstance:
  m_ObjectHideFlags: 0
  serializedVersion: 2
  m_Modification:
    m_TransformParent: {fileID: 2332347100111079593}
    m_Modifications:
    - target: {fileID: 5932341195884985492, guid: 0a7e4ee2350b9dd4e85a0feb50701414, type: 3}
      propertyPath: m_RootOrder
      value: 15
      objectReference: {fileID: 0}
    - target: {fileID: 5932341195884985492, guid: 0a7e4ee2350b9dd4e85a0feb50701414, type: 3}
      propertyPath: m_LocalPosition.x
      value: 0
      objectReference: {fileID: 0}
    - target: {fileID: 5932341195884985492, guid: 0a7e4ee2350b9dd4e85a0feb50701414, type: 3}
      propertyPath: m_LocalPosition.y
      value: 0
      objectReference: {fileID: 0}
    - target: {fileID: 5932341195884985492, guid: 0a7e4ee2350b9dd4e85a0feb50701414, type: 3}
      propertyPath: m_LocalPosition.z
      value: 750
      objectReference: {fileID: 0}
    - target: {fileID: 5932341195884985492, guid: 0a7e4ee2350b9dd4e85a0feb50701414, type: 3}
      propertyPath: m_LocalRotation.w
      value: 1
      objectReference: {fileID: 0}
    - target: {fileID: 5932341195884985492, guid: 0a7e4ee2350b9dd4e85a0feb50701414, type: 3}
      propertyPath: m_LocalRotation.x
      value: -0
      objectReference: {fileID: 0}
    - target: {fileID: 5932341195884985492, guid: 0a7e4ee2350b9dd4e85a0feb50701414, type: 3}
      propertyPath: m_LocalRotation.y
      value: -0
      objectReference: {fileID: 0}
    - target: {fileID: 5932341195884985492, guid: 0a7e4ee2350b9dd4e85a0feb50701414, type: 3}
      propertyPath: m_LocalRotation.z
      value: -0
      objectReference: {fileID: 0}
    - target: {fileID: 5932341195884985492, guid: 0a7e4ee2350b9dd4e85a0feb50701414, type: 3}
      propertyPath: m_LocalEulerAnglesHint.x
      value: 0
      objectReference: {fileID: 0}
    - target: {fileID: 5932341195884985492, guid: 0a7e4ee2350b9dd4e85a0feb50701414, type: 3}
      propertyPath: m_LocalEulerAnglesHint.y
      value: 0
      objectReference: {fileID: 0}
    - target: {fileID: 5932341195884985492, guid: 0a7e4ee2350b9dd4e85a0feb50701414, type: 3}
      propertyPath: m_LocalEulerAnglesHint.z
      value: 0
      objectReference: {fileID: 0}
    - target: {fileID: 5932341195884985495, guid: 0a7e4ee2350b9dd4e85a0feb50701414, type: 3}
      propertyPath: m_Name
      value: Stage_Teenager_15
      objectReference: {fileID: 0}
    - target: {fileID: 7217583028501543296, guid: 0a7e4ee2350b9dd4e85a0feb50701414, type: 3}
      propertyPath: m_Materials.Array.data[0]
      value: 
      objectReference: {fileID: 2100000, guid: 679537eec1007c34fbdb5814b248cc47, type: 2}
    m_RemovedComponents: []
  m_SourcePrefab: {fileID: 100100000, guid: 0a7e4ee2350b9dd4e85a0feb50701414, type: 3}
--- !u!4 &7793414584321240760 stripped
Transform:
  m_CorrespondingSourceObject: {fileID: 5932341195884985492, guid: 0a7e4ee2350b9dd4e85a0feb50701414, type: 3}
  m_PrefabInstance: {fileID: 4500272122646696492}
  m_PrefabAsset: {fileID: 0}
--- !u!1001 &4552640350506997786
PrefabInstance:
  m_ObjectHideFlags: 0
  serializedVersion: 2
  m_Modification:
    m_TransformParent: {fileID: 2332347100111079593}
    m_Modifications:
    - target: {fileID: 5932341195884985492, guid: 0a7e4ee2350b9dd4e85a0feb50701414, type: 3}
      propertyPath: m_RootOrder
      value: 17
      objectReference: {fileID: 0}
    - target: {fileID: 5932341195884985492, guid: 0a7e4ee2350b9dd4e85a0feb50701414, type: 3}
      propertyPath: m_LocalPosition.x
      value: 0
      objectReference: {fileID: 0}
    - target: {fileID: 5932341195884985492, guid: 0a7e4ee2350b9dd4e85a0feb50701414, type: 3}
      propertyPath: m_LocalPosition.y
      value: 0
      objectReference: {fileID: 0}
    - target: {fileID: 5932341195884985492, guid: 0a7e4ee2350b9dd4e85a0feb50701414, type: 3}
      propertyPath: m_LocalPosition.z
      value: 850
      objectReference: {fileID: 0}
    - target: {fileID: 5932341195884985492, guid: 0a7e4ee2350b9dd4e85a0feb50701414, type: 3}
      propertyPath: m_LocalRotation.w
      value: 1
      objectReference: {fileID: 0}
    - target: {fileID: 5932341195884985492, guid: 0a7e4ee2350b9dd4e85a0feb50701414, type: 3}
      propertyPath: m_LocalRotation.x
      value: -0
      objectReference: {fileID: 0}
    - target: {fileID: 5932341195884985492, guid: 0a7e4ee2350b9dd4e85a0feb50701414, type: 3}
      propertyPath: m_LocalRotation.y
      value: -0
      objectReference: {fileID: 0}
    - target: {fileID: 5932341195884985492, guid: 0a7e4ee2350b9dd4e85a0feb50701414, type: 3}
      propertyPath: m_LocalRotation.z
      value: -0
      objectReference: {fileID: 0}
    - target: {fileID: 5932341195884985492, guid: 0a7e4ee2350b9dd4e85a0feb50701414, type: 3}
      propertyPath: m_LocalEulerAnglesHint.x
      value: 0
      objectReference: {fileID: 0}
    - target: {fileID: 5932341195884985492, guid: 0a7e4ee2350b9dd4e85a0feb50701414, type: 3}
      propertyPath: m_LocalEulerAnglesHint.y
      value: 0
      objectReference: {fileID: 0}
    - target: {fileID: 5932341195884985492, guid: 0a7e4ee2350b9dd4e85a0feb50701414, type: 3}
      propertyPath: m_LocalEulerAnglesHint.z
      value: 0
      objectReference: {fileID: 0}
    - target: {fileID: 5932341195884985495, guid: 0a7e4ee2350b9dd4e85a0feb50701414, type: 3}
      propertyPath: m_Name
      value: Stage_Teenager_17
      objectReference: {fileID: 0}
    - target: {fileID: 7217583028501543296, guid: 0a7e4ee2350b9dd4e85a0feb50701414, type: 3}
      propertyPath: m_Materials.Array.data[0]
      value: 
      objectReference: {fileID: 2100000, guid: 679537eec1007c34fbdb5814b248cc47, type: 2}
    m_RemovedComponents: []
  m_SourcePrefab: {fileID: 100100000, guid: 0a7e4ee2350b9dd4e85a0feb50701414, type: 3}
--- !u!4 &7889693724596741262 stripped
Transform:
  m_CorrespondingSourceObject: {fileID: 5932341195884985492, guid: 0a7e4ee2350b9dd4e85a0feb50701414, type: 3}
  m_PrefabInstance: {fileID: 4552640350506997786}
  m_PrefabAsset: {fileID: 0}
--- !u!1001 &4570855989942921355
PrefabInstance:
  m_ObjectHideFlags: 0
  serializedVersion: 2
  m_Modification:
    m_TransformParent: {fileID: 2332347100111079593}
    m_Modifications:
    - target: {fileID: 5932341195884985492, guid: 0a7e4ee2350b9dd4e85a0feb50701414, type: 3}
      propertyPath: m_RootOrder
      value: 16
      objectReference: {fileID: 0}
    - target: {fileID: 5932341195884985492, guid: 0a7e4ee2350b9dd4e85a0feb50701414, type: 3}
      propertyPath: m_LocalPosition.x
      value: 0
      objectReference: {fileID: 0}
    - target: {fileID: 5932341195884985492, guid: 0a7e4ee2350b9dd4e85a0feb50701414, type: 3}
      propertyPath: m_LocalPosition.y
      value: 0
      objectReference: {fileID: 0}
    - target: {fileID: 5932341195884985492, guid: 0a7e4ee2350b9dd4e85a0feb50701414, type: 3}
      propertyPath: m_LocalPosition.z
      value: 800
      objectReference: {fileID: 0}
    - target: {fileID: 5932341195884985492, guid: 0a7e4ee2350b9dd4e85a0feb50701414, type: 3}
      propertyPath: m_LocalRotation.w
      value: 1
      objectReference: {fileID: 0}
    - target: {fileID: 5932341195884985492, guid: 0a7e4ee2350b9dd4e85a0feb50701414, type: 3}
      propertyPath: m_LocalRotation.x
      value: -0
      objectReference: {fileID: 0}
    - target: {fileID: 5932341195884985492, guid: 0a7e4ee2350b9dd4e85a0feb50701414, type: 3}
      propertyPath: m_LocalRotation.y
      value: -0
      objectReference: {fileID: 0}
    - target: {fileID: 5932341195884985492, guid: 0a7e4ee2350b9dd4e85a0feb50701414, type: 3}
      propertyPath: m_LocalRotation.z
      value: -0
      objectReference: {fileID: 0}
    - target: {fileID: 5932341195884985492, guid: 0a7e4ee2350b9dd4e85a0feb50701414, type: 3}
      propertyPath: m_LocalEulerAnglesHint.x
      value: 0
      objectReference: {fileID: 0}
    - target: {fileID: 5932341195884985492, guid: 0a7e4ee2350b9dd4e85a0feb50701414, type: 3}
      propertyPath: m_LocalEulerAnglesHint.y
      value: 0
      objectReference: {fileID: 0}
    - target: {fileID: 5932341195884985492, guid: 0a7e4ee2350b9dd4e85a0feb50701414, type: 3}
      propertyPath: m_LocalEulerAnglesHint.z
      value: 0
      objectReference: {fileID: 0}
    - target: {fileID: 5932341195884985495, guid: 0a7e4ee2350b9dd4e85a0feb50701414, type: 3}
      propertyPath: m_Name
      value: Stage_Teenager_16
      objectReference: {fileID: 0}
    - target: {fileID: 7217583028501543296, guid: 0a7e4ee2350b9dd4e85a0feb50701414, type: 3}
      propertyPath: m_Materials.Array.data[0]
      value: 
      objectReference: {fileID: 2100000, guid: 679537eec1007c34fbdb5814b248cc47, type: 2}
    m_RemovedComponents: []
  m_SourcePrefab: {fileID: 100100000, guid: 0a7e4ee2350b9dd4e85a0feb50701414, type: 3}
--- !u!4 &7871475955391288351 stripped
Transform:
  m_CorrespondingSourceObject: {fileID: 5932341195884985492, guid: 0a7e4ee2350b9dd4e85a0feb50701414, type: 3}
  m_PrefabInstance: {fileID: 4570855989942921355}
  m_PrefabAsset: {fileID: 0}
--- !u!1001 &5136968752975344219
PrefabInstance:
  m_ObjectHideFlags: 0
  serializedVersion: 2
  m_Modification:
    m_TransformParent: {fileID: 2332347100111079593}
    m_Modifications:
    - target: {fileID: 5932341195884985492, guid: 0a7e4ee2350b9dd4e85a0feb50701414, type: 3}
      propertyPath: m_RootOrder
      value: 12
      objectReference: {fileID: 0}
    - target: {fileID: 5932341195884985492, guid: 0a7e4ee2350b9dd4e85a0feb50701414, type: 3}
      propertyPath: m_LocalPosition.x
      value: 0
      objectReference: {fileID: 0}
    - target: {fileID: 5932341195884985492, guid: 0a7e4ee2350b9dd4e85a0feb50701414, type: 3}
      propertyPath: m_LocalPosition.y
      value: 0
      objectReference: {fileID: 0}
    - target: {fileID: 5932341195884985492, guid: 0a7e4ee2350b9dd4e85a0feb50701414, type: 3}
      propertyPath: m_LocalPosition.z
      value: 600
      objectReference: {fileID: 0}
    - target: {fileID: 5932341195884985492, guid: 0a7e4ee2350b9dd4e85a0feb50701414, type: 3}
      propertyPath: m_LocalRotation.w
      value: 1
      objectReference: {fileID: 0}
    - target: {fileID: 5932341195884985492, guid: 0a7e4ee2350b9dd4e85a0feb50701414, type: 3}
      propertyPath: m_LocalRotation.x
      value: -0
      objectReference: {fileID: 0}
    - target: {fileID: 5932341195884985492, guid: 0a7e4ee2350b9dd4e85a0feb50701414, type: 3}
      propertyPath: m_LocalRotation.y
      value: -0
      objectReference: {fileID: 0}
    - target: {fileID: 5932341195884985492, guid: 0a7e4ee2350b9dd4e85a0feb50701414, type: 3}
      propertyPath: m_LocalRotation.z
      value: -0
      objectReference: {fileID: 0}
    - target: {fileID: 5932341195884985492, guid: 0a7e4ee2350b9dd4e85a0feb50701414, type: 3}
      propertyPath: m_LocalEulerAnglesHint.x
      value: 0
      objectReference: {fileID: 0}
    - target: {fileID: 5932341195884985492, guid: 0a7e4ee2350b9dd4e85a0feb50701414, type: 3}
      propertyPath: m_LocalEulerAnglesHint.y
      value: 0
      objectReference: {fileID: 0}
    - target: {fileID: 5932341195884985492, guid: 0a7e4ee2350b9dd4e85a0feb50701414, type: 3}
      propertyPath: m_LocalEulerAnglesHint.z
      value: 0
      objectReference: {fileID: 0}
    - target: {fileID: 5932341195884985495, guid: 0a7e4ee2350b9dd4e85a0feb50701414, type: 3}
      propertyPath: m_Name
      value: Stage_Teenager_12
      objectReference: {fileID: 0}
    - target: {fileID: 7217583028501543296, guid: 0a7e4ee2350b9dd4e85a0feb50701414, type: 3}
      propertyPath: m_Materials.Array.data[0]
      value: 
      objectReference: {fileID: 2100000, guid: 679537eec1007c34fbdb5814b248cc47, type: 2}
    m_RemovedComponents: []
  m_SourcePrefab: {fileID: 100100000, guid: 0a7e4ee2350b9dd4e85a0feb50701414, type: 3}
--- !u!4 &1520463220035522255 stripped
Transform:
  m_CorrespondingSourceObject: {fileID: 5932341195884985492, guid: 0a7e4ee2350b9dd4e85a0feb50701414, type: 3}
  m_PrefabInstance: {fileID: 5136968752975344219}
  m_PrefabAsset: {fileID: 0}
--- !u!1001 &5199828205265753287
PrefabInstance:
  m_ObjectHideFlags: 0
  serializedVersion: 2
  m_Modification:
    m_TransformParent: {fileID: 2332347100111079593}
    m_Modifications:
    - target: {fileID: 5932341195884985492, guid: 0a7e4ee2350b9dd4e85a0feb50701414, type: 3}
      propertyPath: m_RootOrder
      value: 8
      objectReference: {fileID: 0}
    - target: {fileID: 5932341195884985492, guid: 0a7e4ee2350b9dd4e85a0feb50701414, type: 3}
      propertyPath: m_LocalPosition.x
      value: 0
      objectReference: {fileID: 0}
    - target: {fileID: 5932341195884985492, guid: 0a7e4ee2350b9dd4e85a0feb50701414, type: 3}
      propertyPath: m_LocalPosition.y
      value: 0
      objectReference: {fileID: 0}
    - target: {fileID: 5932341195884985492, guid: 0a7e4ee2350b9dd4e85a0feb50701414, type: 3}
      propertyPath: m_LocalPosition.z
      value: 400
      objectReference: {fileID: 0}
    - target: {fileID: 5932341195884985492, guid: 0a7e4ee2350b9dd4e85a0feb50701414, type: 3}
      propertyPath: m_LocalRotation.w
      value: 1
      objectReference: {fileID: 0}
    - target: {fileID: 5932341195884985492, guid: 0a7e4ee2350b9dd4e85a0feb50701414, type: 3}
      propertyPath: m_LocalRotation.x
      value: -0
      objectReference: {fileID: 0}
    - target: {fileID: 5932341195884985492, guid: 0a7e4ee2350b9dd4e85a0feb50701414, type: 3}
      propertyPath: m_LocalRotation.y
      value: -0
      objectReference: {fileID: 0}
    - target: {fileID: 5932341195884985492, guid: 0a7e4ee2350b9dd4e85a0feb50701414, type: 3}
      propertyPath: m_LocalRotation.z
      value: -0
      objectReference: {fileID: 0}
    - target: {fileID: 5932341195884985492, guid: 0a7e4ee2350b9dd4e85a0feb50701414, type: 3}
      propertyPath: m_LocalEulerAnglesHint.x
      value: 0
      objectReference: {fileID: 0}
    - target: {fileID: 5932341195884985492, guid: 0a7e4ee2350b9dd4e85a0feb50701414, type: 3}
      propertyPath: m_LocalEulerAnglesHint.y
      value: 0
      objectReference: {fileID: 0}
    - target: {fileID: 5932341195884985492, guid: 0a7e4ee2350b9dd4e85a0feb50701414, type: 3}
      propertyPath: m_LocalEulerAnglesHint.z
      value: 0
      objectReference: {fileID: 0}
    - target: {fileID: 5932341195884985495, guid: 0a7e4ee2350b9dd4e85a0feb50701414, type: 3}
      propertyPath: m_Name
      value: Stage_Teenager_8
      objectReference: {fileID: 0}
    - target: {fileID: 7217583028501543296, guid: 0a7e4ee2350b9dd4e85a0feb50701414, type: 3}
      propertyPath: m_Materials.Array.data[0]
      value: 
      objectReference: {fileID: 2100000, guid: 679537eec1007c34fbdb5814b248cc47, type: 2}
    m_RemovedComponents: []
  m_SourcePrefab: {fileID: 100100000, guid: 0a7e4ee2350b9dd4e85a0feb50701414, type: 3}
--- !u!4 &1907952638613252179 stripped
Transform:
  m_CorrespondingSourceObject: {fileID: 5932341195884985492, guid: 0a7e4ee2350b9dd4e85a0feb50701414, type: 3}
  m_PrefabInstance: {fileID: 5199828205265753287}
  m_PrefabAsset: {fileID: 0}
--- !u!1001 &5915245676718571653
PrefabInstance:
  m_ObjectHideFlags: 0
  serializedVersion: 2
  m_Modification:
    m_TransformParent: {fileID: 2332347100111079593}
    m_Modifications:
    - target: {fileID: 5932341195884985492, guid: 0a7e4ee2350b9dd4e85a0feb50701414, type: 3}
      propertyPath: m_RootOrder
      value: 7
      objectReference: {fileID: 0}
    - target: {fileID: 5932341195884985492, guid: 0a7e4ee2350b9dd4e85a0feb50701414, type: 3}
      propertyPath: m_LocalPosition.x
      value: 0
      objectReference: {fileID: 0}
    - target: {fileID: 5932341195884985492, guid: 0a7e4ee2350b9dd4e85a0feb50701414, type: 3}
      propertyPath: m_LocalPosition.y
      value: 0
      objectReference: {fileID: 0}
    - target: {fileID: 5932341195884985492, guid: 0a7e4ee2350b9dd4e85a0feb50701414, type: 3}
      propertyPath: m_LocalPosition.z
      value: 350
      objectReference: {fileID: 0}
    - target: {fileID: 5932341195884985492, guid: 0a7e4ee2350b9dd4e85a0feb50701414, type: 3}
      propertyPath: m_LocalRotation.w
      value: 1
      objectReference: {fileID: 0}
    - target: {fileID: 5932341195884985492, guid: 0a7e4ee2350b9dd4e85a0feb50701414, type: 3}
      propertyPath: m_LocalRotation.x
      value: -0
      objectReference: {fileID: 0}
    - target: {fileID: 5932341195884985492, guid: 0a7e4ee2350b9dd4e85a0feb50701414, type: 3}
      propertyPath: m_LocalRotation.y
      value: -0
      objectReference: {fileID: 0}
    - target: {fileID: 5932341195884985492, guid: 0a7e4ee2350b9dd4e85a0feb50701414, type: 3}
      propertyPath: m_LocalRotation.z
      value: -0
      objectReference: {fileID: 0}
    - target: {fileID: 5932341195884985492, guid: 0a7e4ee2350b9dd4e85a0feb50701414, type: 3}
      propertyPath: m_LocalEulerAnglesHint.x
      value: 0
      objectReference: {fileID: 0}
    - target: {fileID: 5932341195884985492, guid: 0a7e4ee2350b9dd4e85a0feb50701414, type: 3}
      propertyPath: m_LocalEulerAnglesHint.y
      value: 0
      objectReference: {fileID: 0}
    - target: {fileID: 5932341195884985492, guid: 0a7e4ee2350b9dd4e85a0feb50701414, type: 3}
      propertyPath: m_LocalEulerAnglesHint.z
      value: 0
      objectReference: {fileID: 0}
    - target: {fileID: 5932341195884985495, guid: 0a7e4ee2350b9dd4e85a0feb50701414, type: 3}
      propertyPath: m_Name
      value: Stage_Teenager_7
      objectReference: {fileID: 0}
    - target: {fileID: 7217583028501543296, guid: 0a7e4ee2350b9dd4e85a0feb50701414, type: 3}
      propertyPath: m_Materials.Array.data[0]
      value: 
      objectReference: {fileID: 2100000, guid: 679537eec1007c34fbdb5814b248cc47, type: 2}
    m_RemovedComponents: []
  m_SourcePrefab: {fileID: 100100000, guid: 0a7e4ee2350b9dd4e85a0feb50701414, type: 3}
--- !u!4 &19356323541564433 stripped
Transform:
  m_CorrespondingSourceObject: {fileID: 5932341195884985492, guid: 0a7e4ee2350b9dd4e85a0feb50701414, type: 3}
  m_PrefabInstance: {fileID: 5915245676718571653}
  m_PrefabAsset: {fileID: 0}
--- !u!1001 &6205531080266495787
PrefabInstance:
  m_ObjectHideFlags: 0
  serializedVersion: 2
  m_Modification:
    m_TransformParent: {fileID: 2332347100111079593}
    m_Modifications:
    - target: {fileID: 5932341195884985492, guid: 0a7e4ee2350b9dd4e85a0feb50701414, type: 3}
      propertyPath: m_RootOrder
      value: 13
      objectReference: {fileID: 0}
    - target: {fileID: 5932341195884985492, guid: 0a7e4ee2350b9dd4e85a0feb50701414, type: 3}
      propertyPath: m_LocalPosition.x
      value: 0
      objectReference: {fileID: 0}
    - target: {fileID: 5932341195884985492, guid: 0a7e4ee2350b9dd4e85a0feb50701414, type: 3}
      propertyPath: m_LocalPosition.y
      value: 0
      objectReference: {fileID: 0}
    - target: {fileID: 5932341195884985492, guid: 0a7e4ee2350b9dd4e85a0feb50701414, type: 3}
      propertyPath: m_LocalPosition.z
      value: 650
      objectReference: {fileID: 0}
    - target: {fileID: 5932341195884985492, guid: 0a7e4ee2350b9dd4e85a0feb50701414, type: 3}
      propertyPath: m_LocalRotation.w
      value: 1
      objectReference: {fileID: 0}
    - target: {fileID: 5932341195884985492, guid: 0a7e4ee2350b9dd4e85a0feb50701414, type: 3}
      propertyPath: m_LocalRotation.x
      value: -0
      objectReference: {fileID: 0}
    - target: {fileID: 5932341195884985492, guid: 0a7e4ee2350b9dd4e85a0feb50701414, type: 3}
      propertyPath: m_LocalRotation.y
      value: -0
      objectReference: {fileID: 0}
    - target: {fileID: 5932341195884985492, guid: 0a7e4ee2350b9dd4e85a0feb50701414, type: 3}
      propertyPath: m_LocalRotation.z
      value: -0
      objectReference: {fileID: 0}
    - target: {fileID: 5932341195884985492, guid: 0a7e4ee2350b9dd4e85a0feb50701414, type: 3}
      propertyPath: m_LocalEulerAnglesHint.x
      value: 0
      objectReference: {fileID: 0}
    - target: {fileID: 5932341195884985492, guid: 0a7e4ee2350b9dd4e85a0feb50701414, type: 3}
      propertyPath: m_LocalEulerAnglesHint.y
      value: 0
      objectReference: {fileID: 0}
    - target: {fileID: 5932341195884985492, guid: 0a7e4ee2350b9dd4e85a0feb50701414, type: 3}
      propertyPath: m_LocalEulerAnglesHint.z
      value: 0
      objectReference: {fileID: 0}
    - target: {fileID: 5932341195884985495, guid: 0a7e4ee2350b9dd4e85a0feb50701414, type: 3}
      propertyPath: m_Name
      value: Stage_Teenager_13
      objectReference: {fileID: 0}
    - target: {fileID: 7217583028501543296, guid: 0a7e4ee2350b9dd4e85a0feb50701414, type: 3}
      propertyPath: m_Materials.Array.data[0]
      value: 
      objectReference: {fileID: 2100000, guid: 679537eec1007c34fbdb5814b248cc47, type: 2}
    m_RemovedComponents: []
  m_SourcePrefab: {fileID: 100100000, guid: 0a7e4ee2350b9dd4e85a0feb50701414, type: 3}
--- !u!4 &310063656153762751 stripped
Transform:
  m_CorrespondingSourceObject: {fileID: 5932341195884985492, guid: 0a7e4ee2350b9dd4e85a0feb50701414, type: 3}
  m_PrefabInstance: {fileID: 6205531080266495787}
  m_PrefabAsset: {fileID: 0}
--- !u!1001 &6326924211357288713
PrefabInstance:
  m_ObjectHideFlags: 0
  serializedVersion: 2
  m_Modification:
    m_TransformParent: {fileID: 2332347100111079593}
    m_Modifications:
    - target: {fileID: 5932341195884985492, guid: 0a7e4ee2350b9dd4e85a0feb50701414, type: 3}
      propertyPath: m_RootOrder
      value: 4
      objectReference: {fileID: 0}
    - target: {fileID: 5932341195884985492, guid: 0a7e4ee2350b9dd4e85a0feb50701414, type: 3}
      propertyPath: m_LocalPosition.x
      value: 0
      objectReference: {fileID: 0}
    - target: {fileID: 5932341195884985492, guid: 0a7e4ee2350b9dd4e85a0feb50701414, type: 3}
      propertyPath: m_LocalPosition.y
      value: 0
      objectReference: {fileID: 0}
    - target: {fileID: 5932341195884985492, guid: 0a7e4ee2350b9dd4e85a0feb50701414, type: 3}
      propertyPath: m_LocalPosition.z
      value: 200
      objectReference: {fileID: 0}
    - target: {fileID: 5932341195884985492, guid: 0a7e4ee2350b9dd4e85a0feb50701414, type: 3}
      propertyPath: m_LocalRotation.w
      value: 1
      objectReference: {fileID: 0}
    - target: {fileID: 5932341195884985492, guid: 0a7e4ee2350b9dd4e85a0feb50701414, type: 3}
      propertyPath: m_LocalRotation.x
      value: -0
      objectReference: {fileID: 0}
    - target: {fileID: 5932341195884985492, guid: 0a7e4ee2350b9dd4e85a0feb50701414, type: 3}
      propertyPath: m_LocalRotation.y
      value: -0
      objectReference: {fileID: 0}
    - target: {fileID: 5932341195884985492, guid: 0a7e4ee2350b9dd4e85a0feb50701414, type: 3}
      propertyPath: m_LocalRotation.z
      value: -0
      objectReference: {fileID: 0}
    - target: {fileID: 5932341195884985492, guid: 0a7e4ee2350b9dd4e85a0feb50701414, type: 3}
      propertyPath: m_LocalEulerAnglesHint.x
      value: 0
      objectReference: {fileID: 0}
    - target: {fileID: 5932341195884985492, guid: 0a7e4ee2350b9dd4e85a0feb50701414, type: 3}
      propertyPath: m_LocalEulerAnglesHint.y
      value: 0
      objectReference: {fileID: 0}
    - target: {fileID: 5932341195884985492, guid: 0a7e4ee2350b9dd4e85a0feb50701414, type: 3}
      propertyPath: m_LocalEulerAnglesHint.z
      value: 0
      objectReference: {fileID: 0}
    - target: {fileID: 5932341195884985495, guid: 0a7e4ee2350b9dd4e85a0feb50701414, type: 3}
      propertyPath: m_Name
      value: Stage_Teenager_4
      objectReference: {fileID: 0}
    - target: {fileID: 7217583028501543296, guid: 0a7e4ee2350b9dd4e85a0feb50701414, type: 3}
      propertyPath: m_Materials.Array.data[0]
      value: 
      objectReference: {fileID: 2100000, guid: 679537eec1007c34fbdb5814b248cc47, type: 2}
    m_RemovedComponents: []
  m_SourcePrefab: {fileID: 100100000, guid: 0a7e4ee2350b9dd4e85a0feb50701414, type: 3}
--- !u!4 &404806025517397405 stripped
Transform:
  m_CorrespondingSourceObject: {fileID: 5932341195884985492, guid: 0a7e4ee2350b9dd4e85a0feb50701414, type: 3}
  m_PrefabInstance: {fileID: 6326924211357288713}
  m_PrefabAsset: {fileID: 0}
--- !u!1001 &7033909692465841559
PrefabInstance:
  m_ObjectHideFlags: 0
  serializedVersion: 2
  m_Modification:
    m_TransformParent: {fileID: 2332347100111079593}
    m_Modifications:
    - target: {fileID: 5932341195884985492, guid: 0a7e4ee2350b9dd4e85a0feb50701414, type: 3}
      propertyPath: m_RootOrder
      value: 3
      objectReference: {fileID: 0}
    - target: {fileID: 5932341195884985492, guid: 0a7e4ee2350b9dd4e85a0feb50701414, type: 3}
      propertyPath: m_LocalPosition.x
      value: 0
      objectReference: {fileID: 0}
    - target: {fileID: 5932341195884985492, guid: 0a7e4ee2350b9dd4e85a0feb50701414, type: 3}
      propertyPath: m_LocalPosition.y
      value: 0
      objectReference: {fileID: 0}
    - target: {fileID: 5932341195884985492, guid: 0a7e4ee2350b9dd4e85a0feb50701414, type: 3}
      propertyPath: m_LocalPosition.z
      value: 150
      objectReference: {fileID: 0}
    - target: {fileID: 5932341195884985492, guid: 0a7e4ee2350b9dd4e85a0feb50701414, type: 3}
      propertyPath: m_LocalRotation.w
      value: 1
      objectReference: {fileID: 0}
    - target: {fileID: 5932341195884985492, guid: 0a7e4ee2350b9dd4e85a0feb50701414, type: 3}
      propertyPath: m_LocalRotation.x
      value: -0
      objectReference: {fileID: 0}
    - target: {fileID: 5932341195884985492, guid: 0a7e4ee2350b9dd4e85a0feb50701414, type: 3}
      propertyPath: m_LocalRotation.y
      value: -0
      objectReference: {fileID: 0}
    - target: {fileID: 5932341195884985492, guid: 0a7e4ee2350b9dd4e85a0feb50701414, type: 3}
      propertyPath: m_LocalRotation.z
      value: -0
      objectReference: {fileID: 0}
    - target: {fileID: 5932341195884985492, guid: 0a7e4ee2350b9dd4e85a0feb50701414, type: 3}
      propertyPath: m_LocalEulerAnglesHint.x
      value: 0
      objectReference: {fileID: 0}
    - target: {fileID: 5932341195884985492, guid: 0a7e4ee2350b9dd4e85a0feb50701414, type: 3}
      propertyPath: m_LocalEulerAnglesHint.y
      value: 0
      objectReference: {fileID: 0}
    - target: {fileID: 5932341195884985492, guid: 0a7e4ee2350b9dd4e85a0feb50701414, type: 3}
      propertyPath: m_LocalEulerAnglesHint.z
      value: 0
      objectReference: {fileID: 0}
    - target: {fileID: 5932341195884985495, guid: 0a7e4ee2350b9dd4e85a0feb50701414, type: 3}
      propertyPath: m_Name
      value: Stage_Teenager_3
      objectReference: {fileID: 0}
    - target: {fileID: 7217583028501543296, guid: 0a7e4ee2350b9dd4e85a0feb50701414, type: 3}
      propertyPath: m_Materials.Array.data[0]
      value: 
      objectReference: {fileID: 2100000, guid: 679537eec1007c34fbdb5814b248cc47, type: 2}
    m_RemovedComponents: []
  m_SourcePrefab: {fileID: 100100000, guid: 0a7e4ee2350b9dd4e85a0feb50701414, type: 3}
--- !u!4 &3733096487919909123 stripped
Transform:
  m_CorrespondingSourceObject: {fileID: 5932341195884985492, guid: 0a7e4ee2350b9dd4e85a0feb50701414, type: 3}
  m_PrefabInstance: {fileID: 7033909692465841559}
  m_PrefabAsset: {fileID: 0}
--- !u!1001 &8101580417579421136
PrefabInstance:
  m_ObjectHideFlags: 0
  serializedVersion: 2
  m_Modification:
    m_TransformParent: {fileID: 2332347100111079593}
    m_Modifications:
    - target: {fileID: 5932341195884985492, guid: 0a7e4ee2350b9dd4e85a0feb50701414, type: 3}
      propertyPath: m_RootOrder
      value: 5
      objectReference: {fileID: 0}
    - target: {fileID: 5932341195884985492, guid: 0a7e4ee2350b9dd4e85a0feb50701414, type: 3}
      propertyPath: m_LocalPosition.x
      value: 0
      objectReference: {fileID: 0}
    - target: {fileID: 5932341195884985492, guid: 0a7e4ee2350b9dd4e85a0feb50701414, type: 3}
      propertyPath: m_LocalPosition.y
      value: 0
      objectReference: {fileID: 0}
    - target: {fileID: 5932341195884985492, guid: 0a7e4ee2350b9dd4e85a0feb50701414, type: 3}
      propertyPath: m_LocalPosition.z
      value: 250
      objectReference: {fileID: 0}
    - target: {fileID: 5932341195884985492, guid: 0a7e4ee2350b9dd4e85a0feb50701414, type: 3}
      propertyPath: m_LocalRotation.w
      value: 1
      objectReference: {fileID: 0}
    - target: {fileID: 5932341195884985492, guid: 0a7e4ee2350b9dd4e85a0feb50701414, type: 3}
      propertyPath: m_LocalRotation.x
      value: -0
      objectReference: {fileID: 0}
    - target: {fileID: 5932341195884985492, guid: 0a7e4ee2350b9dd4e85a0feb50701414, type: 3}
      propertyPath: m_LocalRotation.y
      value: -0
      objectReference: {fileID: 0}
    - target: {fileID: 5932341195884985492, guid: 0a7e4ee2350b9dd4e85a0feb50701414, type: 3}
      propertyPath: m_LocalRotation.z
      value: -0
      objectReference: {fileID: 0}
    - target: {fileID: 5932341195884985492, guid: 0a7e4ee2350b9dd4e85a0feb50701414, type: 3}
      propertyPath: m_LocalEulerAnglesHint.x
      value: 0
      objectReference: {fileID: 0}
    - target: {fileID: 5932341195884985492, guid: 0a7e4ee2350b9dd4e85a0feb50701414, type: 3}
      propertyPath: m_LocalEulerAnglesHint.y
      value: 0
      objectReference: {fileID: 0}
    - target: {fileID: 5932341195884985492, guid: 0a7e4ee2350b9dd4e85a0feb50701414, type: 3}
      propertyPath: m_LocalEulerAnglesHint.z
      value: 0
      objectReference: {fileID: 0}
    - target: {fileID: 5932341195884985495, guid: 0a7e4ee2350b9dd4e85a0feb50701414, type: 3}
      propertyPath: m_Name
      value: Stage_Teenager_5
      objectReference: {fileID: 0}
    - target: {fileID: 7217583028501543296, guid: 0a7e4ee2350b9dd4e85a0feb50701414, type: 3}
      propertyPath: m_Materials.Array.data[0]
      value: 
      objectReference: {fileID: 2100000, guid: 679537eec1007c34fbdb5814b248cc47, type: 2}
    m_RemovedComponents: []
  m_SourcePrefab: {fileID: 100100000, guid: 0a7e4ee2350b9dd4e85a0feb50701414, type: 3}
--- !u!4 &2467251952870158660 stripped
Transform:
  m_CorrespondingSourceObject: {fileID: 5932341195884985492, guid: 0a7e4ee2350b9dd4e85a0feb50701414, type: 3}
  m_PrefabInstance: {fileID: 8101580417579421136}
  m_PrefabAsset: {fileID: 0}
--- !u!1001 &8729919977971594778
PrefabInstance:
  m_ObjectHideFlags: 0
  serializedVersion: 2
  m_Modification:
    m_TransformParent: {fileID: 2332347100111079593}
    m_Modifications:
    - target: {fileID: 5932341195884985492, guid: 0a7e4ee2350b9dd4e85a0feb50701414, type: 3}
      propertyPath: m_RootOrder
      value: 2
      objectReference: {fileID: 0}
    - target: {fileID: 5932341195884985492, guid: 0a7e4ee2350b9dd4e85a0feb50701414, type: 3}
      propertyPath: m_LocalPosition.x
      value: 0
      objectReference: {fileID: 0}
    - target: {fileID: 5932341195884985492, guid: 0a7e4ee2350b9dd4e85a0feb50701414, type: 3}
      propertyPath: m_LocalPosition.y
      value: 0
      objectReference: {fileID: 0}
    - target: {fileID: 5932341195884985492, guid: 0a7e4ee2350b9dd4e85a0feb50701414, type: 3}
      propertyPath: m_LocalPosition.z
      value: 100
      objectReference: {fileID: 0}
    - target: {fileID: 5932341195884985492, guid: 0a7e4ee2350b9dd4e85a0feb50701414, type: 3}
      propertyPath: m_LocalRotation.w
      value: 1
      objectReference: {fileID: 0}
    - target: {fileID: 5932341195884985492, guid: 0a7e4ee2350b9dd4e85a0feb50701414, type: 3}
      propertyPath: m_LocalRotation.x
      value: -0
      objectReference: {fileID: 0}
    - target: {fileID: 5932341195884985492, guid: 0a7e4ee2350b9dd4e85a0feb50701414, type: 3}
      propertyPath: m_LocalRotation.y
      value: -0
      objectReference: {fileID: 0}
    - target: {fileID: 5932341195884985492, guid: 0a7e4ee2350b9dd4e85a0feb50701414, type: 3}
      propertyPath: m_LocalRotation.z
      value: -0
      objectReference: {fileID: 0}
    - target: {fileID: 5932341195884985492, guid: 0a7e4ee2350b9dd4e85a0feb50701414, type: 3}
      propertyPath: m_LocalEulerAnglesHint.x
      value: 0
      objectReference: {fileID: 0}
    - target: {fileID: 5932341195884985492, guid: 0a7e4ee2350b9dd4e85a0feb50701414, type: 3}
      propertyPath: m_LocalEulerAnglesHint.y
      value: 0
      objectReference: {fileID: 0}
    - target: {fileID: 5932341195884985492, guid: 0a7e4ee2350b9dd4e85a0feb50701414, type: 3}
      propertyPath: m_LocalEulerAnglesHint.z
      value: 0
      objectReference: {fileID: 0}
    - target: {fileID: 5932341195884985495, guid: 0a7e4ee2350b9dd4e85a0feb50701414, type: 3}
      propertyPath: m_Name
      value: Stage_Teenager_2
      objectReference: {fileID: 0}
    - target: {fileID: 7217583028501543296, guid: 0a7e4ee2350b9dd4e85a0feb50701414, type: 3}
      propertyPath: m_Materials.Array.data[0]
      value: 
      objectReference: {fileID: 2100000, guid: 679537eec1007c34fbdb5814b248cc47, type: 2}
    m_RemovedComponents: []
  m_SourcePrefab: {fileID: 100100000, guid: 0a7e4ee2350b9dd4e85a0feb50701414, type: 3}
--- !u!4 &3131425696756714126 stripped
Transform:
  m_CorrespondingSourceObject: {fileID: 5932341195884985492, guid: 0a7e4ee2350b9dd4e85a0feb50701414, type: 3}
  m_PrefabInstance: {fileID: 8729919977971594778}
  m_PrefabAsset: {fileID: 0}
