%YAML 1.1
%TAG !u! tag:unity3d.com,2011:
--- !u!1 &2463097367555868766
GameObject:
  m_ObjectHideFlags: 0
  m_CorrespondingSourceObject: {fileID: 0}
  m_PrefabInstance: {fileID: 0}
  m_PrefabAsset: {fileID: 0}
  serializedVersion: 6
  m_Component:
  - component: {fileID: 8777660558527928312}
  - component: {fileID: 5263156137978396952}
  - component: {fileID: 4372410595393343615}
  - component: {fileID: 2659232325921193587}
  m_Layer: 0
  m_Name: Floor_6
  m_TagString: Untagged
  m_Icon: {fileID: 0}
  m_NavMeshLayer: 0
  m_StaticEditorFlags: 0
  m_IsActive: 1
--- !u!4 &8777660558527928312
Transform:
  m_ObjectHideFlags: 0
  m_CorrespondingSourceObject: {fileID: 0}
  m_PrefabInstance: {fileID: 0}
  m_PrefabAsset: {fileID: 0}
  m_GameObject: {fileID: 2463097367555868766}
  m_LocalRotation: {x: -0, y: -0, z: -0, w: 1}
  m_LocalPosition: {x: 0, y: 0, z: 225}
  m_LocalScale: {x: 0.25, y: 1, z: 5}
  m_Children: []
  m_Father: {fileID: 546912873662621817}
  m_RootOrder: 5
  m_LocalEulerAnglesHint: {x: 0, y: 0, z: 0}
--- !u!33 &5263156137978396952
MeshFilter:
  m_ObjectHideFlags: 0
  m_CorrespondingSourceObject: {fileID: 0}
  m_PrefabInstance: {fileID: 0}
  m_PrefabAsset: {fileID: 0}
  m_GameObject: {fileID: 2463097367555868766}
  m_Mesh: {fileID: 10209, guid: 0000000000000000e000000000000000, type: 0}
--- !u!23 &4372410595393343615
MeshRenderer:
  m_ObjectHideFlags: 0
  m_CorrespondingSourceObject: {fileID: 0}
  m_PrefabInstance: {fileID: 0}
  m_PrefabAsset: {fileID: 0}
  m_GameObject: {fileID: 2463097367555868766}
  m_Enabled: 1
  m_CastShadows: 1
  m_ReceiveShadows: 1
  m_DynamicOccludee: 1
  m_StaticShadowCaster: 0
  m_MotionVectors: 1
  m_LightProbeUsage: 1
  m_ReflectionProbeUsage: 1
  m_RayTracingMode: 2
  m_RayTraceProcedural: 0
  m_RenderingLayerMask: 1
  m_RendererPriority: 0
  m_Materials:
  - {fileID: 2100000, guid: 66f8185429ccafe4486e120a263d09df, type: 2}
  m_StaticBatchInfo:
    firstSubMesh: 0
    subMeshCount: 0
  m_StaticBatchRoot: {fileID: 0}
  m_ProbeAnchor: {fileID: 0}
  m_LightProbeVolumeOverride: {fileID: 0}
  m_ScaleInLightmap: 1
  m_ReceiveGI: 1
  m_PreserveUVs: 0
  m_IgnoreNormalsForChartDetection: 0
  m_ImportantGI: 0
  m_StitchLightmapSeams: 1
  m_SelectedEditorRenderState: 3
  m_MinimumChartSize: 4
  m_AutoUVMaxDistance: 0.5
  m_AutoUVMaxAngle: 89
  m_LightmapParameters: {fileID: 0}
  m_SortingLayerID: 0
  m_SortingLayer: 0
  m_SortingOrder: 0
  m_AdditionalVertexStreams: {fileID: 0}
--- !u!64 &2659232325921193587
MeshCollider:
  m_ObjectHideFlags: 0
  m_CorrespondingSourceObject: {fileID: 0}
  m_PrefabInstance: {fileID: 0}
  m_PrefabAsset: {fileID: 0}
  m_GameObject: {fileID: 2463097367555868766}
  m_Material: {fileID: 0}
  m_IsTrigger: 0
  m_Enabled: 1
  serializedVersion: 4
  m_Convex: 0
  m_CookingOptions: 30
  m_Mesh: {fileID: 10209, guid: 0000000000000000e000000000000000, type: 0}
--- !u!1001 &4900709431815353945
PrefabInstance:
  m_ObjectHideFlags: 0
  serializedVersion: 2
  m_Modification:
    m_TransformParent: {fileID: 0}
    m_Modifications:
    - target: {fileID: 426058132, guid: a8a86f4fd6df05a4b8a171f771c85317, type: 3}
      propertyPath: m_IsActive
      value: 1
      objectReference: {fileID: 0}
    - target: {fileID: 426058133, guid: a8a86f4fd6df05a4b8a171f771c85317, type: 3}
      propertyPath: m_LocalPosition.y
      value: 0
      objectReference: {fileID: 0}
    - target: {fileID: 426058135, guid: a8a86f4fd6df05a4b8a171f771c85317, type: 3}
      propertyPath: m_Materials.Array.data[0]
      value: 
      objectReference: {fileID: 2100000, guid: 66f8185429ccafe4486e120a263d09df, type: 2}
    - target: {fileID: 1001087575, guid: a8a86f4fd6df05a4b8a171f771c85317, type: 3}
      propertyPath: m_IsActive
      value: 1
      objectReference: {fileID: 0}
    - target: {fileID: 1001087576, guid: a8a86f4fd6df05a4b8a171f771c85317, type: 3}
      propertyPath: m_LocalPosition.y
      value: 0
      objectReference: {fileID: 0}
    - target: {fileID: 1001087578, guid: a8a86f4fd6df05a4b8a171f771c85317, type: 3}
      propertyPath: m_Materials.Array.data[0]
      value: 
      objectReference: {fileID: 2100000, guid: 66f8185429ccafe4486e120a263d09df, type: 2}
    - target: {fileID: 1186614030, guid: a8a86f4fd6df05a4b8a171f771c85317, type: 3}
      propertyPath: m_IsActive
      value: 1
      objectReference: {fileID: 0}
    - target: {fileID: 1186614031, guid: a8a86f4fd6df05a4b8a171f771c85317, type: 3}
      propertyPath: m_LocalPosition.x
      value: 0
      objectReference: {fileID: 0}
    - target: {fileID: 1186614031, guid: a8a86f4fd6df05a4b8a171f771c85317, type: 3}
      propertyPath: m_LocalPosition.y
      value: 0
      objectReference: {fileID: 0}
    - target: {fileID: 1186614031, guid: a8a86f4fd6df05a4b8a171f771c85317, type: 3}
      propertyPath: m_LocalPosition.z
      value: 325
      objectReference: {fileID: 0}
    - target: {fileID: 1186614033, guid: a8a86f4fd6df05a4b8a171f771c85317, type: 3}
      propertyPath: m_Materials.Array.data[0]
      value: 
      objectReference: {fileID: 2100000, guid: 66f8185429ccafe4486e120a263d09df, type: 2}
    - target: {fileID: 2117959862, guid: a8a86f4fd6df05a4b8a171f771c85317, type: 3}
      propertyPath: m_IsActive
      value: 1
      objectReference: {fileID: 0}
    - target: {fileID: 2117959863, guid: a8a86f4fd6df05a4b8a171f771c85317, type: 3}
      propertyPath: m_LocalPosition.y
      value: 0
      objectReference: {fileID: 0}
    - target: {fileID: 2117959863, guid: a8a86f4fd6df05a4b8a171f771c85317, type: 3}
      propertyPath: m_LocalPosition.z
      value: 75
      objectReference: {fileID: 0}
    - target: {fileID: 2117959865, guid: a8a86f4fd6df05a4b8a171f771c85317, type: 3}
      propertyPath: m_Materials.Array.data[0]
      value: 
      objectReference: {fileID: 2100000, guid: 66f8185429ccafe4486e120a263d09df, type: 2}
    - target: {fileID: 2344374534401196729, guid: a8a86f4fd6df05a4b8a171f771c85317, type: 3}
      propertyPath: m_LocalPosition.y
      value: 0
      objectReference: {fileID: 0}
    - target: {fileID: 4870035101213072928, guid: a8a86f4fd6df05a4b8a171f771c85317, type: 3}
      propertyPath: m_RootOrder
      value: 0
      objectReference: {fileID: 0}
    - target: {fileID: 4870035101213072928, guid: a8a86f4fd6df05a4b8a171f771c85317, type: 3}
      propertyPath: m_LocalPosition.x
      value: 0
      objectReference: {fileID: 0}
    - target: {fileID: 4870035101213072928, guid: a8a86f4fd6df05a4b8a171f771c85317, type: 3}
      propertyPath: m_LocalPosition.y
      value: 0
      objectReference: {fileID: 0}
    - target: {fileID: 4870035101213072928, guid: a8a86f4fd6df05a4b8a171f771c85317, type: 3}
      propertyPath: m_LocalPosition.z
      value: 0
      objectReference: {fileID: 0}
    - target: {fileID: 4870035101213072928, guid: a8a86f4fd6df05a4b8a171f771c85317, type: 3}
      propertyPath: m_LocalRotation.w
      value: 1
      objectReference: {fileID: 0}
    - target: {fileID: 4870035101213072928, guid: a8a86f4fd6df05a4b8a171f771c85317, type: 3}
      propertyPath: m_LocalRotation.x
      value: 0
      objectReference: {fileID: 0}
    - target: {fileID: 4870035101213072928, guid: a8a86f4fd6df05a4b8a171f771c85317, type: 3}
      propertyPath: m_LocalRotation.y
      value: 0
      objectReference: {fileID: 0}
    - target: {fileID: 4870035101213072928, guid: a8a86f4fd6df05a4b8a171f771c85317, type: 3}
      propertyPath: m_LocalRotation.z
      value: 0
      objectReference: {fileID: 0}
    - target: {fileID: 4870035101213072928, guid: a8a86f4fd6df05a4b8a171f771c85317, type: 3}
      propertyPath: m_LocalEulerAnglesHint.x
      value: 0
      objectReference: {fileID: 0}
    - target: {fileID: 4870035101213072928, guid: a8a86f4fd6df05a4b8a171f771c85317, type: 3}
      propertyPath: m_LocalEulerAnglesHint.y
      value: 0
      objectReference: {fileID: 0}
    - target: {fileID: 4870035101213072928, guid: a8a86f4fd6df05a4b8a171f771c85317, type: 3}
      propertyPath: m_LocalEulerAnglesHint.z
      value: 0
      objectReference: {fileID: 0}
    - target: {fileID: 4870035101213072931, guid: a8a86f4fd6df05a4b8a171f771c85317, type: 3}
      propertyPath: m_Name
      value: Infant_STAGE Variant
      objectReference: {fileID: 0}
    - target: {fileID: 8497235291166612276, guid: a8a86f4fd6df05a4b8a171f771c85317, type: 3}
      propertyPath: m_Materials.Array.data[0]
      value: 
      objectReference: {fileID: 2100000, guid: 66f8185429ccafe4486e120a263d09df, type: 2}
    m_RemovedComponents: []
  m_SourcePrefab: {fileID: 100100000, guid: a8a86f4fd6df05a4b8a171f771c85317, type: 3}
--- !u!4 &546912873662621817 stripped
Transform:
  m_CorrespondingSourceObject: {fileID: 4870035101213072928, guid: a8a86f4fd6df05a4b8a171f771c85317, type: 3}
  m_PrefabInstance: {fileID: 4900709431815353945}
  m_PrefabAsset: {fileID: 0}
